3000 4825
385 446 527 624 *nvn
556 522 639 621 m.
847 555 935 651 453

122 690 206 799 fiffe,
229 660 267 765 nr
291 690 347 765 ilio
363 686 440 791 solo
467 682 532 763 itta
575 692 750 790 imperator
772 706 993 786 moreretur,
1021 666 1223 791 ‘ff‘
1353 764 1383 790 ¹,

125 802 253 893 dantque
277 798 325 867 ei:
352 808 388 867 tn
410 796 555 893 praeibis
580 808 656 869 ante
680 815 757 877 nte,
792 796 932 893 mihique
957 801 992 870 ia
1046 820 1157 890 ,955

125 905 178 979 nlin
197 896 307 1001 seculo
333 898 402 973 erin
416 896 621 999 seruiturus.
697 890 766 995 Est
789 895 925 996 nomque
942 896 1013 995 fi·-

122 1006 169 1082 len
182 1000 429 1101 olynhicnrnm
456 1012 497 1075 ot
522 1022 735 1099 quoscumque
760 1003 911 1079 vincaris
937 1026 1006 1078 oc·.
1105 1088 1110 1096 ,
1177 1046 1185 1058 =

123 1109 272 1187 riderent,
306 1106 339 1177 in
367 1104 432 1179 alio
449 1104 563 1206 seculo
599 1102 675 1205 ipſso
701 1102 835 1205 seruire
859 1122 991 1183 maeon-
1148 1106 1152 1113 ’

120 1227 174 1291 mr.
233 1201 444 1304 Detearipue,
464 1206 539 1304 finnt
556 1204 633 1309 fian
655 1229 774 1300 mora,
804 1204 991 1287 et'Rotie·

119 1318 203 1389 imm
222 1311 367 1413 patibulo
390 1308 563 1414 sufferam·
627 1312 689 1389 Ex
725 1314 797 1387 hac
823 1314 991 1391 Turotzii

118 1414 297 1495 narratione
324 1415 472 1495 videtur
498 1429 576 1493 orta
600 1412 702 1493 lnilse
727 1415 893 1518 traditio,
920 1442 990 1519 qna

119 1520 253 1599 creditor
284 1518 379 1595 illud
427 1540 569 1609 cornu,
608 1516 705 1623 qood
748 1518 990 1620 litzberenyit

118 1624 285 1721 diligenter
312 1622 529 1716 alternatur,
556 1646 629 1697 non
654 1621 750 1697 aliud
775 1623 869 1714 else,
887 1646 990 1725 qnam
1081 1665 1087 1671 ·

117 1752 174 1829 qno
220 1724 392 1803 Lehelins
435 1724 600 1803 Conrado
643 1724 758 1805 vitam
805 1728 989 1827 eripuerit.

115 1832 184 1907 Erat
207 1826 397 1907 eburneum
432 1830 505 1907 hoc
531 1848 641 1909 cornu
669 1832 783 1905 multo
810 1832 988 1934 qnondam

114 1932 196 2017 diues
219 1954 333 2025 auto,
360 1932 482 2035 quod,
510 1930 602 2007 bona
629 1934 840 2029 magistratus
867 1934 987 2017 venit,

113 2038 181 2111 mihi
204 2060 351 2138 qnoque
384 2036 510 2113 videre
549 2034 650 2113 licuit
676 2036 774 2113 annis
803 2053 915 2139 1753.
949 2048 989 2115 et
1165 2068 1169 2074 ·

115 2156 207 2242 1777.
260 2142 377 2243 Quum
405 2140 479 2215 eius
504 2137 655 2215 videndi
679 2137 831 2236 cupidos
858 2136 989 2239 guber·
1109 2160 1112 2165 ·

111 2255 221 2335 nator,
251 2243 316 2424 poi
343 2240 463 2343 priore
496 2238 617 2319 leculo
652 2234 869 2327 Budensnbns
897 2242 986 2319 Tm·

111 2346 153 2420 nin
175 2347 357 2444 praemit,
378 2345 459 2440 'loos
484 2344 532 2422 ad
567 2346 659 2422 illud
678 2338 910 2423 adferendum
937 2372 986 2424 eo

113 2442 261 2540 misnllet3
296 2447 622 2542 lllzberenyientes
662 2449 774 2527 veriti
789 2503 807 2539 ,
840 2473 886 2526 ne
911 2475 985 2552 quo

111 2548 279 2647 pretiosius
316 2564 536 2654 appareret,
572 2576 620 2630 eo
646 2547 829 2629 difficilius
865 2554 986 2630 remit·

109 2666 254 2751 teretur,
287 2654 363 2739 luas
401 2655 455 2734 illi
481 2677 632 2752 gemmas
659 2669 695 2734 et
722 2678 838 2734 annum
865 2656 985 2733 detra·

105 2776 237 2860 terunt.
302 2765 409 2842 Nunc
429 2759 567 2856 igitur,
595 2757 778 2836 veteribus
802 2782 984 2837 ornamen-

108 2862 144 2936 tis
165 2863 376 2962 spoliatum,
404 2859 536 2961 -fignras
577 2863 773 2962 quasdam,
805 2864 985 2961 eleganter

108 2961 242 3061 nelias,
269 2965 409 3058 refert,
436 2980 475 3044 et
501 2965 712 3064 applicatum
738 2961 898 3058 auribus,
927 2963 984 3046 loe

106 3088 198 3162 num,
242 3093 346 3168 apum
397 3069 566 3150 examini.
596 3063 838 3156 liminianam,
888 3068 981 3149 edit,

105 3173 192 3249 Nihil
219 3173 399 3269 derogare
433 3171 544 3250 velim
578 3175 737 3250 vetustae
771 3169 983 3263 traditioni,

105 3295 179 3374 quae
206 3275 444 3354 Lehelianum
476 3271 574 3352 tuille
609 3277 683 3352 hoc
719 3295 832 3352 cornu
867 3273 982 3373 perhi-

105 3375 172 3468 bet3
198 3403 276 3456 nam
307 3378 521 3478 peculiarem
547 3377 702 3454 Lehelio
729 3367 906 3454 clallncnm
928 3377 982 3450 in·

105 3481 236 3561 tonandi
283 3481 447 3581 peritiam
482 3493 520 3560 et
555 3481 845 3560 consuetudinem
880 3481 983 3554 Ano·

105 3607 217 3678 nymos
245 3609 391 3690 qnoque
417 3581 570 3662 tribuere
595 3583 770 3666 ¹videtur.
796 3605 898 3685 quom
931 3581 981 3656 ita

105 3683 226 3766 lenbit:
256 3687 316 3788 (a)
355 3683 540 3785 Statimque
573 3681 675 3762 Leiu
704 3727 719 3746 ·
745 3689 823 3762 tuln
849 3686 980 3760 cecinit.

105 3795 233 3870 Attae
269 3789 359 3874 tuba
391 3791 586 3968 Conradmfn
620 3789 790 3872 caesarem
815 3813 836 3878 a
862 3788 981 3866 Lehe·

512 3897 539 3972 F
597 3919 619 3995 3
877 3892 930 3967 lio
1064 3913 1068 3920 ·

105 4087 980 4115 ..ι-*αὴ*

138 4212 197 4298 (a)
223 4219 304 4301 Cap.
329 4217 489 4283 XXXIX.
521 4151 524 4156 ¹
591 4317 600 4334 .
