<?xml version="1.0" encoding="UTF-8"?>
<!DOCTYPE html PUBLIC "-//W3C//DTD XHTML 1.0 Transitional//EN"
    "http://www.w3.org/TR/xhtml1/DTD/xhtml1-transitional.dtd">
<html xmlns="http://www.w3.org/1999/xhtml" xml:lang="en" lang="en">
 <head>
  <title>
</title>
<meta http-equiv="Content-Type" content="text/html;charset=utf-8" />
  <meta name='ocr-system' content='tesseract 3.04.00' />
  <meta name='ocr-capabilities' content='ocr_page ocr_carea ocr_par ocr_line ocrx_word'/>
</head>
<body>
  <div class='ocr_page' id='page_1' title='image "./historiacritica00katogoog_0500.png"; bbox 0 0 3000 4825; ppageno 0'>
   <div class='ocr_carea' id='block_1_1' title="bbox 140 530 1404 928">
    <p class='ocr_par' dir='ltr' id='par_1_1' title="bbox 140 530 1404 928">
     <span class='ocr_line' id='line_1_1' title="bbox 450 530 1043 695; baseline 0.022 -37"><span class='ocrx_word' id='word_1_1' title='bbox 450 559 800 681; x_wconf 59' lang='lat' dir='ltr'><strong>uuurvxq</strong></span> <span class='ocrx_word' id='word_1_2' title='bbox 876 584 962 695; x_wconf 82' lang='lat'><strong>475</strong></span> <span class='ocrx_word' id='word_1_3' title='bbox 1039 530 1043 547; x_wconf 84' lang='lat'>&#39;</span> 
     </span>
     <span class='ocr_line' id='line_1_2' title="bbox 140 712 1404 928; baseline 0.016 -132"><span class='ocrx_word' id='word_1_4' title='bbox 140 746 233 821; x_wconf 78' lang='lat' dir='ltr'><strong>quum</strong></span> <span class='ocrx_word' id='word_1_5' title='bbox 260 712 365 803; x_wconf 78' lang='lat' dir='ltr'><strong>rome&#39;u</strong></span> <span class='ocrx_word' id='word_1_6' title='bbox 391 730 456 803; x_wconf 79' lang='lat' dir='ltr'><strong>ium</strong></span> <span class='ocrx_word' id='word_1_7' title='bbox 481 754 502 804; x_wconf 88' lang='lat' dir='ltr'><em>a</em></span> <span class='ocrx_word' id='word_1_8' title='bbox 531 728 713 829; x_wconf 75' lang='lat' dir='ltr'><strong>primordio</strong></span> <span class='ocrx_word' id='word_1_9' title='bbox 746 720 886 825; x_wconf 61' lang='lat' dir='ltr'><strong>{ositeri</strong></span> <span class='ocrx_word' id='word_1_10' title='bbox 923 728 1024 806; x_wconf 76' lang='lat' dir='ltr'><strong>duco·</strong></span> <span class='ocrx_word' id='word_1_11' title='bbox 1042 713 1252 928; x_wconf 43' lang='grc' dir='ltr'><strong>’τῇ</strong></span> <span class='ocrx_word' id='word_1_12' title='bbox 1398 754 1404 762; x_wconf 76' lang='lat'><strong><em>‘</em></strong></span> 
     </span>
    </p>
   </div>
   <div class='ocr_carea' id='block_1_2' title="bbox 135 829 1031 1349">
    <p class='ocr_par' dir='ltr' id='par_1_2' title="bbox 135 829 1031 1349">
     <span class='ocr_line' id='line_1_3' title="bbox 136 829 1025 930; baseline 0.01 -28"><span class='ocrx_word' id='word_1_13' title='bbox 136 842 194 930; x_wconf 76' lang='lat' dir='ltr'><strong>rus</strong></span> <span class='ocrx_word' id='word_1_14' title='bbox 219 852 296 905; x_wconf 76' lang='lat' dir='ltr'><strong>moe</strong></span> <span class='ocrx_word' id='word_1_15' title='bbox 320 833 521 925; x_wconf 79' lang='lat' dir='ltr'><strong><em>obtinuerit,</em></strong></span> <span class='ocrx_word' id='word_1_16' title='bbox 547 848 587 907; x_wconf 85' lang='lat' dir='ltr'><strong>ur</strong></span> <span class='ocrx_word' id='word_1_17' title='bbox 612 829 681 927; x_wconf 78' lang='lat' dir='ltr'><em>filii</em></span> <span class='ocrx_word' id='word_1_18' title='bbox 715 831 913 910; x_wconf 73' lang='lat' dir='ltr'><strong>hereditario</strong></span> <span class='ocrx_word' id='word_1_19' title='bbox 951 837 1025 911; x_wconf 81' lang='lat' dir='ltr'><strong>iure</strong></span> 
     </span>
     <span class='ocr_line' id='line_1_4' title="bbox 135 932 1024 1041; baseline 0.009 -36"><span class='ocrx_word' id='word_1_20' title='bbox 135 932 287 1033; x_wconf 73' lang='lat' dir='ltr'><strong>partubus</strong></span> <span class='ocrx_word' id='word_1_21' title='bbox 318 936 352 1007; x_wconf 84' lang='lat' dir='ltr'><strong>in</strong></span> <span class='ocrx_word' id='word_1_22' title='bbox 384 938 566 1036; x_wconf 77' lang='lat' dir='ltr'><strong>principare</strong></span> <span class='ocrx_word' id='word_1_23' title='bbox 592 934 835 1037; x_wconf 71' lang='lat' dir='ltr'><strong>flaccedereut..</strong></span> <span class='ocrx_word' id='word_1_24' title='bbox 899 939 1024 1041; x_wconf 78' lang='lat' dir='ltr'><strong>Quam·</strong></span> 
     </span>
     <span class='ocr_line' id='line_1_5' title="bbox 136 1032 1031 1143; baseline 0.01 -34"><span class='ocrx_word' id='word_1_25' title='bbox 136 1059 272 1139; x_wconf 77' lang='lat' dir='ltr'><strong>quam,</strong></span> <span class='ocrx_word' id='word_1_26' title='bbox 295 1060 382 1138; x_wconf 87' lang='lat' dir='ltr'><strong>quae</strong></span> <span class='ocrx_word' id='word_1_27' title='bbox 396 1038 732 1143; x_wconf 78' lang='lat' dir='ltr'><strong>Porphyrogenitue</strong></span> <span class='ocrx_word' id='word_1_28' title='bbox 756 1041 804 1119; x_wconf 90' lang='lat' dir='ltr'><strong>de</strong></span> <span class='ocrx_word' id='word_1_29' title='bbox 830 1032 1031 1119; x_wconf 81' lang='lat' dir='ltr'><strong>Phalitziur‘</strong></span> 
     </span>
     <span class='ocr_line' id='line_1_6' title="bbox 138 1138 1023 1234; baseline 0.011 -19"><span class='ocrx_word' id='word_1_30' title='bbox 138 1142 212 1215; x_wconf 88' lang='lat' dir='ltr'><strong>hoc</strong></span> <span class='ocrx_word' id='word_1_31' title='bbox 248 1143 349 1228; x_wconf 58' lang='lat' dir='ltr'><strong>loeo,</strong></span> <span class='ocrx_word' id='word_1_32' title='bbox 368 1138 505 1234; x_wconf 82' lang='lat' dir='ltr'><strong>habet,</strong></span> <span class='ocrx_word' id='word_1_33' title='bbox 540 1143 630 1221; x_wconf 88' lang='lat' dir='ltr'><strong>inter</strong></span> <span class='ocrx_word' id='word_1_34' title='bbox 663 1142 698 1221; x_wconf 88' lang='lat' dir='ltr'><strong>se</strong></span> <span class='ocrx_word' id='word_1_35' title='bbox 732 1143 921 1221; x_wconf 82' lang='lat' dir='ltr'><strong>conciliari</strong></span> <span class='ocrx_word' id='word_1_36' title='bbox 946 1144 1023 1225; x_wconf 80' lang='lat' dir='ltr'><strong>vix</strong></span> 
     </span>
     <span class='ocr_line' id='line_1_7' title="bbox 139 1236 1027 1349; baseline 0.011 -33"><span class='ocrx_word' id='word_1_37' title='bbox 139 1236 281 1343; x_wconf 79' lang='lat' dir='ltr'><strong>possunt.</strong></span> <span class='ocrx_word' id='word_1_38' title='bbox 360 1244 457 1335; x_wconf 78' lang='lat' dir='ltr'><strong>ait,</strong></span> <span class='ocrx_word' id='word_1_39' title='bbox 484 1246 768 1339; x_wconf 71' lang='lat' dir='ltr'><strong>Phalitzimum,</strong></span> <span class='ocrx_word' id='word_1_40' title='bbox 802 1242 905 1349; x_wconf 84' lang='lat' dir='ltr'><strong>quum</strong></span> <span class='ocrx_word' id='word_1_41' title='bbox 930 1249 1027 1349; x_wconf 74' lang='lat' dir='ltr'><strong>haec·</strong></span> 
     </span>
    </p>
   </div>
   <div class='ocr_carea' id='block_1_3' title="bbox 134 1339 1149 1448">
    <p class='ocr_par' dir='ltr' id='par_1_3' title="bbox 134 1339 1149 1448">
     <span class='ocr_line' id='line_1_8' title="bbox 134 1339 1149 1448; baseline 0.003 -27"><span class='ocrx_word' id='word_1_42' title='bbox 134 1339 351 1443; x_wconf 72' lang='lat' dir='ltr'><strong>scripfiss&#39;et‚</strong></span> <span class='ocrx_word' id='word_1_43' title='bbox 392 1348 618 1448; x_wconf 82' lang='lat' dir='ltr'>principatum</span> <span class='ocrx_word' id='word_1_44' title='bbox 669 1348 881 1440; x_wconf 77' lang='lat' dir='ltr'><strong>obduuiffe3</strong></span> <span class='ocrx_word' id='word_1_45' title='bbox 930 1360 1042 1433; x_wconf 69' lang='lat' dir='ltr'><strong>mox?</strong></span> <span class='ocrx_word' id='word_1_46' title='bbox 1107 1402 1110 1413; x_wconf 82' lang='lat'>-</span> <span class='ocrx_word' id='word_1_47' title='bbox 1143 1386 1149 1395; x_wconf 92' lang='lat'><strong>·</strong></span> 
     </span>
    </p>
   </div>
   <div class='ocr_carea' id='block_1_4' title="bbox 134 1448 1025 1660">
    <p class='ocr_par' dir='ltr' id='par_1_4' title="bbox 134 1448 1025 1660">
     <span class='ocr_line' id='line_1_9' title="bbox 135 1448 1023 1552; baseline 0.003 -25"><span class='ocrx_word' id='word_1_48' title='bbox 135 1463 249 1527; x_wconf 83' lang='lat' dir='ltr'><strong>tameo</strong></span> <span class='ocrx_word' id='word_1_49' title='bbox 288 1448 428 1549; x_wconf 84' lang='lat' dir='ltr'><strong>addit,</strong></span> <span class='ocrx_word' id='word_1_50' title='bbox 471 1451 631 1529; x_wconf 80' lang='lat' dir='ltr'><strong>omuibus</strong></span> <span class='ocrx_word' id='word_1_51' title='bbox 668 1454 802 1552; x_wconf 85' lang='lat' dir='ltr'><strong>Arpadi</strong></span> <span class='ocrx_word' id='word_1_52' title='bbox 835 1451 927 1545; x_wconf 80' lang='lat' dir='ltr'>filiis.</span> <span class='ocrx_word' id='word_1_53' title='bbox 951 1452 1023 1530; x_wconf 80' lang='lat' dir='ltr'><strong>iaru</strong></span> 
     </span>
     <span class='ocr_line' id='line_1_10' title="bbox 134 1554 1025 1660; baseline 0.004 -31"><span class='ocrx_word' id='word_1_54' title='bbox 134 1566 219 1629; x_wconf 80' lang='lat' dir='ltr'><strong>runc</strong></span> <span class='ocrx_word' id='word_1_55' title='bbox 246 1554 424 1645; x_wconf 80' lang='lat' dir='ltr'>mortuis,</span> <span class='ocrx_word' id='word_1_56' title='bbox 462 1576 584 1635; x_wconf 85' lang='lat' dir='ltr'><strong>eorum</strong></span> <span class='ocrx_word' id='word_1_57' title='bbox 618 1568 749 1635; x_wconf 84' lang='lat' dir='ltr'><strong>taurum</strong></span> <span class='ocrx_word' id='word_1_58' title='bbox 787 1570 937 1660; x_wconf 77' lang='lat' dir='ltr'>nepotes</span> <span class='ocrx_word' id='word_1_59' title='bbox 968 1556 1025 1632; x_wconf 79' lang='lat' dir='ltr'><strong>s-</strong></span> 
     </span>
    </p>
   </div>
   <div class='ocr_carea' id='block_1_5' title="bbox 135 1655 1063 1761">
    <p class='ocr_par' dir='ltr' id='par_1_5' title="bbox 135 1655 1063 1761">
     <span class='ocr_line' id='line_1_11' title="bbox 135 1655 1063 1761; baseline 0.004 -29"><span class='ocrx_word' id='word_1_60' title='bbox 135 1656 298 1755; x_wconf 78' lang='lat' dir='ltr'><strong>perstites</strong></span> <span class='ocrx_word' id='word_1_61' title='bbox 312 1655 437 1751; x_wconf 65' lang='lat' dir='ltr'><strong>fuisse.</strong></span> <span class='ocrx_word' id='word_1_62' title='bbox 503 1659 612 1761; x_wconf 80' lang='lat' dir='ltr'>Atqui</span> <span class='ocrx_word' id='word_1_63' title='bbox 638 1662 759 1759; x_wconf 79' lang='lat' dir='ltr'><strong>paullo</strong></span> <span class='ocrx_word' id='word_1_64' title='bbox 785 1662 877 1759; x_wconf 73' lang='lat' dir='ltr'><strong>prius</strong></span> <span class='ocrx_word' id='word_1_65' title='bbox 903 1659 1024 1737; x_wconf 80' lang='lat' dir='ltr'><strong>Phali-</strong></span> <span class='ocrx_word' id='word_1_66' title='bbox 1061 1699 1063 1702; x_wconf 96' lang='lat'>·</span> 
     </span>
    </p>
   </div>
   <div class='ocr_carea' id='block_1_6' title="bbox 134 1759 1024 1863">
    <p class='ocr_par' dir='ltr' id='par_1_6' title="bbox 134 1759 1024 1863">
     <span class='ocr_line' id='line_1_12' title="bbox 134 1759 1024 1863; baseline 0.007 -28"><span class='ocrx_word' id='word_1_67' title='bbox 134 1759 282 1839; x_wconf 84' lang='lat' dir='ltr'><strong>tzimum</strong></span> <span class='ocrx_word' id='word_1_68' title='bbox 323 1764 487 1839; x_wconf 87' lang='lat' dir='ltr'><strong>lutotzae</strong></span> <span class='ocrx_word' id='word_1_69' title='bbox 521 1760 661 1853; x_wconf 69' lang='lat' dir='ltr'><strong>filiurn,</strong></span> <span class='ocrx_word' id='word_1_70' title='bbox 697 1786 769 1842; x_wconf 84' lang='lat' dir='ltr'><strong>non</strong></span> <span class='ocrx_word' id='word_1_71' title='bbox 809 1777 1024 1863; x_wconf 73' lang='lat' dir='ltr'><strong>nepotem,</strong></span> 
     </span>
    </p>
   </div>
   <div class='ocr_carea' id='block_1_7' title="bbox 95 1862 1094 2067">
    <p class='ocr_par' dir='ltr' id='par_1_7' title="bbox 95 1862 1094 2067">
     <span class='ocr_line' id='line_1_13' title="bbox 136 1862 1071 1969; baseline 0.003 -30"><span class='ocrx_word' id='word_1_72' title='bbox 136 1862 233 1955; x_wconf 81' lang='lat' dir='ltr'><strong>esse,</strong></span> <span class='ocrx_word' id='word_1_73' title='bbox 261 1863 385 1955; x_wconf 77' lang='lat' dir='ltr'><strong>dixit3</strong></span> <span class='ocrx_word' id='word_1_74' title='bbox 422 1888 494 1940; x_wconf 88' lang='lat' dir='ltr'><strong>uon</strong></span> <span class='ocrx_word' id='word_1_75' title='bbox 529 1864 633 1965; x_wconf 79' lang='lat' dir='ltr'><strong>igitur</strong></span> <span class='ocrx_word' id='word_1_76' title='bbox 665 1866 732 1943; x_wconf 86' lang='lat' dir='ltr'><strong>iam</strong></span> <span class='ocrx_word' id='word_1_77' title='bbox 767 1880 884 1962; x_wconf 82' lang='lat' dir='ltr'><strong>tuuc,</strong></span> <span class='ocrx_word' id='word_1_78' title='bbox 917 1890 1022 1969; x_wconf 84' lang='lat' dir='ltr'><strong>quuru</strong></span> <span class='ocrx_word' id='word_1_79' title='bbox 1068 1934 1071 1942; x_wconf 87' lang='lat'>.</span> 
     </span>
     <span class='ocr_line' id='line_1_14' title="bbox 95 1964 1094 2067; baseline 0.006 -26"><span class='ocrx_word' id='word_1_80' title='bbox 95 1982 96 1987; x_wconf 69' lang='lat'>‘</span> <span class='ocrx_word' id='word_1_81' title='bbox 134 1968 226 2043; x_wconf 86' lang='lat' dir='ltr'><strong>haec</strong></span> <span class='ocrx_word' id='word_1_82' title='bbox 249 1966 453 2067; x_wconf 77' lang='lat' dir='ltr'><strong>scripserat,</strong></span> <span class='ocrx_word' id='word_1_83' title='bbox 489 1964 656 2067; x_wconf 86' lang='lat' dir='ltr'><strong>superstes</strong></span> <span class='ocrx_word' id='word_1_84' title='bbox 690 1967 787 2063; x_wconf 83' lang='lat' dir='ltr'><strong>esse,</strong></span> <span class='ocrx_word' id='word_1_85' title='bbox 827 1989 898 2047; x_wconf 88' lang='lat' dir='ltr'><strong>uec</strong></span> <span class='ocrx_word' id='word_1_86' title='bbox 925 1970 1024 2047; x_wconf 84' lang='lat' dir='ltr'><strong>adeo</strong></span> <span class='ocrx_word' id='word_1_87' title='bbox 1089 2020 1094 2028; x_wconf 91' lang='lat'><em>-</em></span> 
     </span>
    </p>
   </div>
   <div class='ocr_carea' id='block_1_8' title="bbox 120 2067 1033 3406">
    <p class='ocr_par' dir='ltr' id='par_1_8' title="bbox 120 2067 1033 3406">
     <span class='ocr_line' id='line_1_15' title="bbox 133 2067 1023 2173; baseline 0.007 -30"><span class='ocrx_word' id='word_1_88' title='bbox 133 2068 366 2169; x_wconf 78' lang='lat' dir='ltr'><strong>principatum</strong></span> <span class='ocrx_word' id='word_1_89' title='bbox 392 2067 555 2149; x_wconf 85' lang='lat' dir='ltr'><strong>obtinere</strong></span> <span class='ocrx_word' id='word_1_90' title='bbox 585 2074 716 2173; x_wconf 87' lang='lat' dir='ltr'><strong>potuit.</strong></span> <span class='ocrx_word' id='word_1_91' title='bbox 766 2072 905 2150; x_wconf 80' lang='lat' dir='ltr'><strong>.Secus</strong></span> <span class='ocrx_word' id='word_1_92' title='bbox 928 2072 1023 2151; x_wconf 85' lang='lat' dir='ltr'><strong>euim</strong></span> 
     </span>
     <span class='ocr_line' id='line_1_16' title="bbox 134 2172 1021 2270; baseline 0.005 -22"><span class='ocrx_word' id='word_1_93' title='bbox 134 2175 202 2248; x_wconf 85' lang='lat' dir='ltr'><strong>vel</strong></span> <span class='ocrx_word' id='word_1_94' title='bbox 239 2172 431 2265; x_wconf 86' lang='lat' dir='ltr'><strong>Phalitzim</strong></span> <span class='ocrx_word' id='word_1_95' title='bbox 473 2178 639 2253; x_wconf 76' lang='lat' dir='ltr'><strong>lurotzae</strong></span> <span class='ocrx_word' id='word_1_96' title='bbox 676 2172 770 2251; x_wconf 79' lang='lat' dir='ltr'>filius</span> <span class='ocrx_word' id='word_1_97' title='bbox 798 2198 878 2251; x_wconf 84' lang='lat' dir='ltr'><strong>nou</strong></span> <span class='ocrx_word' id='word_1_98' title='bbox 914 2190 1021 2270; x_wconf 81' lang='lat' dir='ltr'><strong>erat,</strong></span> 
     </span>
     <span class='ocr_line' id='line_1_17' title="bbox 131 2274 1022 2378; baseline 0.003 -26"><span class='ocrx_word' id='word_1_99' title='bbox 131 2278 201 2352; x_wconf 83' lang='lat' dir='ltr'><strong>vel</strong></span> <span class='ocrx_word' id='word_1_100' title='bbox 231 2298 303 2351; x_wconf 88' lang='lat' dir='ltr'><strong>uon</strong></span> <span class='ocrx_word' id='word_1_101' title='bbox 335 2274 403 2351; x_wconf 86' lang='lat' dir='ltr'><strong>soli</strong></span> <span class='ocrx_word' id='word_1_102' title='bbox 439 2292 588 2376; x_wconf 83' lang='lat' dir='ltr'>nepotes</span> <span class='ocrx_word' id='word_1_103' title='bbox 616 2276 748 2378; x_wconf 85' lang='lat' dir='ltr'><strong>Arpadi</strong></span> <span class='ocrx_word' id='word_1_104' title='bbox 787 2274 943 2355; x_wconf 85' lang='lat' dir='ltr'><strong>filiorum</strong></span> <span class='ocrx_word' id='word_1_105' title='bbox 969 2278 1022 2355; x_wconf 83' lang='lat' dir='ltr'><strong>su-</strong></span> 
     </span>
     <span class='ocr_line' id='line_1_18' title="bbox 132 2376 1023 2480; baseline 0.007 -26"><span class='ocrx_word' id='word_1_106' title='bbox 132 2378 295 2475; x_wconf 78' lang='lat' dir='ltr'><strong>perstites</strong></span> <span class='ocrx_word' id='word_1_107' title='bbox 316 2392 435 2472; x_wconf 82' lang='lat' dir='ltr'><strong>erant3</strong></span> <span class='ocrx_word' id='word_1_108' title='bbox 460 2376 521 2458; x_wconf 87' lang='lat' dir='ltr'><strong>sed</strong></span> <span class='ocrx_word' id='word_1_109' title='bbox 545 2384 609 2459; x_wconf 89' lang='lat' dir='ltr'><strong>vel</strong></span> <span class='ocrx_word' id='word_1_110' title='bbox 635 2382 699 2460; x_wconf 87' lang='lat' dir='ltr'><strong>ille</strong></span> <span class='ocrx_word' id='word_1_111' title='bbox 722 2402 853 2480; x_wconf 68' lang='lat' dir='ltr'><strong>nepos,</strong></span> <span class='ocrx_word' id='word_1_112' title='bbox 876 2384 941 2460; x_wconf 85' lang='lat' dir='ltr'><strong>vel</strong></span> <span class='ocrx_word' id='word_1_113' title='bbox 967 2394 1023 2460; x_wconf 86' lang='lat' dir='ltr'><strong>et·</strong></span> 
     </span>
     <span class='ocr_line' id='line_1_19' title="bbox 128 2479 1022 2588; baseline 0.006 -31"><span class='ocrx_word' id='word_1_114' title='bbox 128 2481 197 2557; x_wconf 78' lang='lat' dir='ltr'><strong>iem</strong></span> <span class='ocrx_word' id='word_1_115' title='bbox 225 2479 292 2556; x_wconf 87' lang='lat' dir='ltr'>filii</span> <span class='ocrx_word' id='word_1_116' title='bbox 317 2482 525 2584; x_wconf 79' lang='lat' dir='ltr'><strong>superstites.</strong></span> <span class='ocrx_word' id='word_1_117' title='bbox 581 2489 675 2564; x_wconf 79' lang='lat' dir='ltr'><strong>Nec·</strong></span> <span class='ocrx_word' id='word_1_118' title='bbox 686 2484 724 2562; x_wconf 90' lang='lat' dir='ltr'><strong>id</strong></span> <span class='ocrx_word' id='word_1_119' title='bbox 748 2485 828 2560; x_wconf 79' lang='lat' dir='ltr'><strong>satie</strong></span> <span class='ocrx_word' id='word_1_120' title='bbox 844 2485 1022 2588; x_wconf 78' lang='lat' dir='ltr'><strong>assequor,</strong></span> 
     </span>
     <span class='ocr_line' id='line_1_20' title="bbox 127 2581 1033 2687; baseline 0.006 -29"><span class='ocrx_word' id='word_1_121' title='bbox 127 2584 318 2687; x_wconf 86' lang='lat' dir='ltr'><strong>quomodo</strong></span> <span class='ocrx_word' id='word_1_122' title='bbox 355 2585 479 2664; x_wconf 78' lang='lat' dir='ltr'><strong>Pholis</strong></span> <span class='ocrx_word' id='word_1_123' title='bbox 505 2602 543 2664; x_wconf 85' lang='lat' dir='ltr'><strong>et</strong></span> <span class='ocrx_word' id='word_1_124' title='bbox 569 2581 694 2664; x_wconf 74' lang='lat' dir='ltr'><strong>Thaso</strong></span> <span class='ocrx_word' id='word_1_125' title='bbox 727 2592 920 2686; x_wconf 79' lang='lat' dir='ltr'><strong>patruelem</strong></span> <span class='ocrx_word' id='word_1_126' title='bbox 947 2599 1033 2667; x_wconf 82' lang='lat' dir='ltr'><strong>v0·&#39;</strong></span> 
     </span>
     <span class='ocr_line' id='line_1_21' title="bbox 126 2686 1023 2793; baseline 0.004 -31"><span class='ocrx_word' id='word_1_127' title='bbox 126 2707 190 2764; x_wconf 85' lang='lat' dir='ltr'><strong>cet</strong></span> <span class='ocrx_word' id='word_1_128' title='bbox 218 2686 383 2780; x_wconf 75' lang='lat' dir='ltr'><strong>Turrim,</strong></span> <span class='ocrx_word' id='word_1_129' title='bbox 425 2688 481 2765; x_wconf 88' lang='lat' dir='ltr'><strong>seu</strong></span> <span class='ocrx_word' id='word_1_130' title='bbox 513 2691 690 2783; x_wconf 72' lang='lat' dir='ltr'><strong>roxum,</strong></span> <span class='ocrx_word' id='word_1_131' title='bbox 729 2713 832 2793; x_wconf 86' lang='lat' dir='ltr'><strong>quern</strong></span> <span class='ocrx_word' id='word_1_132' title='bbox 870 2689 1023 2769; x_wconf 86' lang='lat' dir='ltr'><strong>Zoltaui</strong></span> 
     </span>
     <span class='ocr_line' id='line_1_22' title="bbox 126 2785 1022 2886; baseline 0.007 -20"><span class='ocrx_word' id='word_1_133' title='bbox 126 2791 242 2866; x_wconf 80' lang='lat' dir='ltr'><strong>filium</strong></span> <span class='ocrx_word' id='word_1_134' title='bbox 275 2785 373 2867; x_wconf 82' lang='lat' dir='ltr'><strong>fuisse</strong></span> <span class='ocrx_word' id='word_1_135' title='bbox 403 2793 572 2886; x_wconf 83' lang='lat' dir='ltr'><strong>restatur,</strong></span> <span class='ocrx_word' id='word_1_136' title='bbox 612 2787 679 2870; x_wconf 82' lang='lat' dir='ltr'><strong>nisu</strong></span> <span class='ocrx_word' id='word_1_137' title='bbox 705 2793 837 2871; x_wconf 85' lang='lat' dir='ltr'><strong>Phases</strong></span> <span class='ocrx_word' id='word_1_138' title='bbox 862 2808 900 2871; x_wconf 87' lang='lat' dir='ltr'><strong>et</strong></span> <span class='ocrx_word' id='word_1_139' title='bbox 926 2795 1022 2872; x_wconf 83' lang='lat' dir='ltr'><strong>Tha·</strong></span> 
     </span>
     <span class='ocr_line' id='line_1_23' title="bbox 125 2891 1023 3000; baseline 0.003 -29"><span class='ocrx_word' id='word_1_140' title='bbox 125 2895 183 2971; x_wconf 81' lang='lat' dir='ltr'><strong>ses</strong></span> <span class='ocrx_word' id='word_1_141' title='bbox 205 2891 274 2968; x_wconf 86' lang='lat' dir='ltr'>filii</span> <span class='ocrx_word' id='word_1_142' title='bbox 303 2893 456 2988; x_wconf 77' lang='lat' dir='ltr'><strong>potius,</strong></span> <span class='ocrx_word' id='word_1_143' title='bbox 484 2919 583 3000; x_wconf 85' lang='lat' dir='ltr'><strong>quam</strong></span> <span class='ocrx_word' id='word_1_144' title='bbox 610 2910 791 2998; x_wconf 80' lang='lat' dir='ltr'><strong>nepotes,</strong></span> <span class='ocrx_word' id='word_1_145' title='bbox 819 2897 953 2994; x_wconf 84' lang='lat' dir='ltr'><strong>Arpadi</strong></span> <span class='ocrx_word' id='word_1_146' title='bbox 978 2895 1023 2973; x_wconf 79' lang='lat' dir='ltr'><strong>fu·</strong></span> 
     </span>
     <span class='ocr_line' id='line_1_24' title="bbox 124 2993 1022 3098; baseline 0.004 -24"><span class='ocrx_word' id='word_1_147' title='bbox 124 2999 260 3074; x_wconf 82' lang='lat' dir='ltr'><strong>riorum</strong></span> <span class='ocrx_word' id='word_1_148' title='bbox 286 2993 435 3076; x_wconf 86' lang='lat' dir='ltr'><strong>suerint.</strong></span> <span class='ocrx_word' id='word_1_149' title='bbox 516 3004 632 3090; x_wconf 74' lang='lat' dir='ltr'><strong>Nare,</strong></span> <span class='ocrx_word' id='word_1_150' title='bbox 667 3012 710 3074; x_wconf 87' lang='lat' dir='ltr'><strong>vt</strong></span> <span class='ocrx_word' id='word_1_151' title='bbox 745 3003 920 3098; x_wconf 77' lang='lat' dir='ltr'><strong>patrueles</strong></span> <span class='ocrx_word' id='word_1_152' title='bbox 945 2997 1022 3078; x_wconf 84' lang='lat' dir='ltr'><strong>diei</strong></span> 
     </span>
     <span class='ocr_line' id='line_1_25' title="bbox 120 3093 1022 3202; baseline 0.002 -26"><span class='ocrx_word' id='word_1_153' title='bbox 120 3099 311 3202; x_wconf 83' lang='lat' dir='ltr'><strong>potuerint</strong></span> <span class='ocrx_word' id='word_1_154' title='bbox 327 3137 348 3192; x_wconf 82' lang='lat'><strong>‚-</strong></span> <span class='ocrx_word' id='word_1_155' title='bbox 372 3093 465 3179; x_wconf 82' lang='lat' dir='ltr'><strong>ficet</strong></span> <span class='ocrx_word' id='word_1_156' title='bbox 501 3102 631 3179; x_wconf 81' lang='lat' dir='ltr'><strong>Toxus</strong></span> <span class='ocrx_word' id='word_1_157' title='bbox 658 3097 882 3194; x_wconf 85' lang='lat' dir='ltr'><strong>Zoltauum‚</strong></span> <span class='ocrx_word' id='word_1_158' title='bbox 911 3104 1022 3202; x_wconf 77' lang='lat' dir='ltr'><strong>Arpa-</strong></span> 
     </span>
     <span class='ocr_line' id='line_1_26' title="bbox 121 3201 1024 3303; baseline 0.006 -24"><span class='ocrx_word' id='word_1_159' title='bbox 121 3205 162 3279; x_wconf 90' lang='lat' dir='ltr'><strong>di</strong></span> <span class='ocrx_word' id='word_1_160' title='bbox 200 3201 346 3286; x_wconf 81' lang='lat' dir='ltr'><strong>filium,</strong></span> <span class='ocrx_word' id='word_1_161' title='bbox 390 3218 520 3303; x_wconf 83' lang='lat' dir='ltr'><strong>patrem</strong></span> <span class='ocrx_word' id='word_1_162' title='bbox 556 3203 705 3294; x_wconf 85' lang='lat' dir='ltr'><strong>habuit·,</strong></span> <span class='ocrx_word' id='word_1_163' title='bbox 736 3203 788 3279; x_wconf 83' lang='lat' dir='ltr'><strong>ita</strong></span> <span class='ocrx_word' id='word_1_164' title='bbox 824 3205 956 3282; x_wconf 82' lang='lat' dir='ltr'><strong>Phaleo</strong></span> <span class='ocrx_word' id='word_1_165' title='bbox 984 3215 1024 3283; x_wconf 86' lang='lat' dir='ltr'><strong>et</strong></span> 
     </span>
     <span class='ocr_line' id='line_1_27' title="bbox 122 3303 1024 3406; baseline 0 -25"><span class='ocrx_word' id='word_1_166' title='bbox 122 3307 263 3382; x_wconf 68' lang='lat' dir='ltr'><strong>Turres</strong></span> <span class='ocrx_word' id='word_1_167' title='bbox 289 3303 448 3383; x_wconf 85' lang='lat' dir='ltr'><strong>eumdem</strong></span> <span class='ocrx_word' id='word_1_168' title='bbox 486 3306 679 3388; x_wconf 82' lang='lat' dir='ltr'><strong>Zoltanum</strong></span> <span class='ocrx_word' id='word_1_169' title='bbox 717 3319 906 3406; x_wconf 75' lang='lat' dir='ltr'><strong>patruum,</strong></span> <span class='ocrx_word' id='word_1_170' title='bbox 933 3307 1024 3386; x_wconf 75' lang='lat' dir='ltr'><strong>eius·¹</strong></span> 
     </span>
    </p>
   </div>
   <div class='ocr_carea' id='block_1_9' title="bbox 121 3407 1072 3507">
    <p class='ocr_par' dir='ltr' id='par_1_9' title="bbox 121 3407 1072 3507">
     <span class='ocr_line' id='line_1_28' title="bbox 121 3407 1072 3507; baseline 0.002 -23"><span class='ocrx_word' id='word_1_171' title='bbox 121 3410 212 3485; x_wconf 84' lang='lat' dir='ltr'><strong>dem</strong></span> <span class='ocrx_word' id='word_1_172' title='bbox 242 3407 396 3486; x_wconf 85' lang='lat' dir='ltr'><strong>Zostaui</strong></span> <span class='ocrx_word' id='word_1_173' title='bbox 423 3408 548 3490; x_wconf 80' lang='lat' dir='ltr'><strong>fratres</strong></span> <span class='ocrx_word' id='word_1_174' title='bbox 573 3408 701 3488; x_wconf 84' lang='lat' dir='ltr'><strong>habere</strong></span> <span class='ocrx_word' id='word_1_175' title='bbox 744 3425 862 3507; x_wconf 79' lang='lat' dir='ltr'><strong>patres</strong></span> <span class='ocrx_word' id='word_1_176' title='bbox 887 3407 1023 3486; x_wconf 90' lang='lat' dir='ltr'><strong>debuis·</strong></span> <span class='ocrx_word' id='word_1_177' title='bbox 1068 3491 1072 3501; x_wconf 57' lang='grc'>,</span> 
     </span>
    </p>
   </div>
   <div class='ocr_carea' id='block_1_10' title="bbox 94 3511 1025 4132">
    <p class='ocr_par' dir='ltr' id='par_1_10' title="bbox 94 3511 1025 4132">
     <span class='ocr_line' id='line_1_29' title="bbox 116 3511 1024 3613; baseline -0.001 -24"><span class='ocrx_word' id='word_1_178' title='bbox 116 3511 229 3604; x_wconf 69' lang='lat' dir='ltr'><strong>seura</strong></span> <span class='ocrx_word' id='word_1_179' title='bbox 254 3515 417 3613; x_wconf 87' lang='lat' dir='ltr'><strong>adeoque</strong></span> <span class='ocrx_word' id='word_1_180' title='bbox 453 3535 525 3588; x_wconf 86' lang='lat' dir='ltr'><strong>uon</strong></span> <span class='ocrx_word' id='word_1_181' title='bbox 560 3525 712 3613; x_wconf 73' lang='lat' dir='ltr'><strong>nepotes</strong></span> <span class='ocrx_word' id='word_1_182' title='bbox 749 3511 891 3613; x_wconf 83' lang='lat' dir='ltr'><strong>Arpadi</strong></span> <span class='ocrx_word' id='word_1_183' title='bbox 927 3511 1024 3588; x_wconf 85' lang='lat' dir='ltr'><strong>filio·</strong></span> 
     </span>
     <span class='ocr_line' id='line_1_30' title="bbox 115 3610 1023 3714; baseline -0.002 -22"><span class='ocrx_word' id='word_1_184' title='bbox 115 3636 230 3708; x_wconf 75' lang='lat' dir='ltr'><strong>rum,</strong></span> <span class='ocrx_word' id='word_1_185' title='bbox 256 3615 318 3693; x_wconf 90' lang='lat' dir='ltr'><strong>sed</strong></span> <span class='ocrx_word' id='word_1_186' title='bbox 343 3616 411 3694; x_wconf 85' lang='lat' dir='ltr'>filii</span> <span class='ocrx_word' id='word_1_187' title='bbox 436 3610 586 3692; x_wconf 83' lang='lat' dir='ltr'><strong>fuissent.</strong></span> <span class='ocrx_word' id='word_1_188' title='bbox 639 3613 799 3712; x_wconf 86' lang='lat' dir='ltr'><strong>Propter</strong></span> <span class='ocrx_word' id='word_1_189' title='bbox 824 3615 1023 3714; x_wconf 81' lang='lat' dir='ltr'><strong>implexum</strong></span> 
     </span>
     <span class='ocr_line' id='line_1_31' title="bbox 118 3717 1023 3816; baseline 0.001 -23"><span class='ocrx_word' id='word_1_190' title='bbox 118 3717 236 3816; x_wconf 71' lang='lat' dir='ltr'><strong>igitur</strong></span> <span class='ocrx_word' id='word_1_191' title='bbox 262 3720 359 3798; x_wconf 83' lang='lat' dir='ltr'><strong>istum</strong></span> <span class='ocrx_word' id='word_1_192' title='bbox 403 3717 616 3795; x_wconf 79' lang='lat' dir='ltr'><strong>Constantini</strong></span> <span class='ocrx_word' id='word_1_193' title='bbox 651 3720 771 3794; x_wconf 87' lang='lat' dir='ltr'><strong>locum</strong></span> <span class='ocrx_word' id='word_1_194' title='bbox 804 3721 931 3794; x_wconf 85' lang='lat' dir='ltr'><strong>nullam</strong></span> <span class='ocrx_word' id='word_1_195' title='bbox 948 3741 1023 3794; x_wconf 78' lang='lat' dir='ltr'><strong>uro·</strong></span> 
     </span>
     <span class='ocr_line' id='line_1_32' title="bbox 94 3817 1023 3920; baseline -0.003 -21"><span class='ocrx_word' id='word_1_196' title='bbox 94 3821 175 3919; x_wconf 70' lang='lat' dir='ltr'><strong>„bis</strong></span> <span class='ocrx_word' id='word_1_197' title='bbox 205 3817 447 3899; x_wconf 67' lang='lat' dir='ltr'><strong>necessitatem</strong></span> <span class='ocrx_word' id='word_1_198' title='bbox 474 3821 610 3920; x_wconf 83' lang='lat' dir='ltr'><strong>imponi</strong></span> <span class='ocrx_word' id='word_1_199' title='bbox 637 3819 852 3912; x_wconf 76' lang='lat' dir='ltr'><strong>censemus,</strong></span> <span class='ocrx_word' id='word_1_200' title='bbox 877 3835 922 3897; x_wconf 85' lang='lat' dir='ltr'><strong>vt</strong></span> <span class='ocrx_word' id='word_1_201' title='bbox 947 3821 1023 3896; x_wconf 87' lang='lat' dir='ltr'><strong>To·</strong></span> 
     </span>
     <span class='ocr_line' id='line_1_33' title="bbox 114 3918 1025 4024; baseline -0.011 -23"><span class='ocrx_word' id='word_1_202' title='bbox 114 3949 216 4005; x_wconf 82' lang='lat' dir='ltr'><strong>xum</strong></span> <span class='ocrx_word' id='word_1_203' title='bbox 244 3929 317 4003; x_wconf 84' lang='lat' dir='ltr'><strong>hoc</strong></span> <span class='ocrx_word' id='word_1_204' title='bbox 343 3941 504 4024; x_wconf 84' lang='lat' dir='ltr'><strong>tempore</strong></span> <span class='ocrx_word' id='word_1_205' title='bbox 530 3923 656 4002; x_wconf 86' lang='lat' dir='ltr'><strong>ducem</strong></span> <span class='ocrx_word' id='word_1_206' title='bbox 674 3925 918 4024; x_wconf 83' lang='lat' dir='ltr'><strong>Huugarorum</strong></span> <span class='ocrx_word' id='word_1_207' title='bbox 943 3918 1025 4009; x_wconf 58' lang='lat' dir='ltr'><strong>suis,</strong></span> 
     </span>
     <span class='ocr_line' id='line_1_34' title="bbox 111 4027 590 4132; baseline -0.008 -21"><span class='ocrx_word' id='word_1_208' title='bbox 111 4029 188 4124; x_wconf 75' lang='lat' dir='ltr'><strong>se,</strong></span> <span class='ocrx_word' id='word_1_209' title='bbox 216 4053 290 4110; x_wconf 87' lang='lat' dir='ltr'><strong>nou</strong></span> <span class='ocrx_word' id='word_1_210' title='bbox 316 4027 554 4132; x_wconf 80' lang='lat' dir='ltr'><strong>profiteamur.</strong></span> <span class='ocrx_word' id='word_1_211' title='bbox 579 4111 590 4126; x_wconf 27' lang='grc' dir='ltr'><em>Α</em></span> 
     </span>
    </p>
   </div>
   <div class='ocr_carea' id='block_1_11' title="bbox 912 4231 972 4318">
    <p class='ocr_par' dir='ltr' id='par_1_11' title="bbox 912 4231 972 4318">
     <span class='ocr_line' id='line_1_35' title="bbox 912 4231 972 4318; baseline 0 -2"><span class='ocrx_word' id='word_1_212' title='bbox 912 4231 972 4318; x_wconf 65' lang='lat' dir='ltr'><strong>&#39;Aa</strong></span> 
     </span>
    </p>
   </div>
   <div class='ocr_carea' id='block_1_12' title="bbox 0 0 1504 4825">
    <p class='ocr_par' dir='ltr' id='par_1_12' title="bbox 0 0 1504 4825">
     <span class='ocr_line' id='line_1_36' title="bbox 0 0 1504 4825; baseline 0 6"><span class='ocrx_word' id='word_1_213' title='bbox 0 0 1504 4825; x_wconf 95' lang='lat' dir='ltr'><strong> </strong></span> 
     </span>
    </p>
   </div>
  </div>
 </body>
</html>
