3000 4825
551 528 634 672 172
780 532 1078 639 ARPADVS

261 686 470 763 δὲ
490 702 637 785 Traiani
664 704 710 782 ud
737 702 888 781 tamum
920 696 1155 803 Temefiensm
1185 696 1265 801 seri
1291 716 1382 801 pori

305 772 357 847 Α·
381 774 422 843 C·
486 804 575 886 reita
596 804 658 909 esi,
687 800 806 885 eiefflor
836 832 857 882 a
888 802 1109 882 Putziuacirir
1135 798 1273 882 Turcos
1306 806 1382 878 iam

390 907 401 929 ’
487 919 620 991 tertium
645 907 724 1013 effe,
750 912 826 985 ueri
855 904 1129 1011 esissmillimum.
1181 911 1283 989 Sicut
1307 907 1380 984 mi.-

485 1020 524 1097 hi
550 1016 721 1096 credibile
746 1015 826 1091 latis
849 1013 924 1090 non
957 1026 1133 1113 apparet,
1159 1026 1218 1095 tot
1241 1026 1379 1091 tantas·

485 1150 555 1227 que
580 1144 635 1199 rer
672 1120 764 1196 intra
789 1132 924 1217 tempus
959 1118 1055 1193 adeo
1088 1114 1197 1201 breue
1232 1116 1380 1195 Turcos

483 1224 615 1408 iiiiii
643 1216 1241 1430 {iiiAVIffamiiiiglldiulirdgrkgrrfit'
1255 1232 1380 1398 Ami}⁸

484 1444 572 1529 894.
601 1444 639 1507 et
663 1430 723 1506 hic
750 1422 848 1503 simul
874 1426 1084 1530 aliquamdiu
1103 1451 1213 1509 rerum
1238 1420 1382 1502 suarum'

481 1534 697 1632 tangerent,
725 1526 824 1610 simul
853 1532 1019 1629 Bulgaros
1044 1528 1149 1612 lemel
1174 1556 1218 1612 ac
1242 1528 1378 1605 iterum

483 1637 673 1714 vincerent
720 1638 764 1713 A.
794 1637 836 1711 C.
864 1646 951 1727 895·
979 1634 1028 1710 ira
1062 1633 1270 1715 verofimile
1298 1654 1378 1707 nou

482 1740 655 1833 videtur,
689 1730 808 1813 arettas
833 1760 854 1808 o
879 1732 1103 1814 Potainucirir
1140 1738 1276 1819 Turcor
1303 1738 1377 1815 iam

483 1847 613 1919 tertium
639 1835 713 1943 effe.
749 1838 912 1919 Admitto
939 1840 1084 1940 primum
1111 1842 1248 1921 eiedios
1266 1836 1378 1927 effe,

481 1971 584 2050 quum
626 1944 755 2021 ducem
804 1942 996 2023 Lebediam
1040 1944 1211 2026 haberent
1250 1942 1297 2018 A.
1328 1939 1410 2017 C.'

434 2104 438 2117 .
483 2062 570 2147 891.
601 2047 764 2125 Admitto
790 2046 918 2125 rursum
943 2048 1096 2126 exactos
1119 2048 1243 2143 fuisse.
1265 2067 1381 2149 quum

481 2152 629 2251 Arpado
661 2152 811 2251 principi
835 2150 1001 2230 luberent
1033 2156 1079 2231 A.
1108 2158 1164 2233 0.·
1191 2166 1281 2249 895.
1309 2145 1383 2223 sed

257 2305 260 2314 ι
287 2328 289 2336 .
478 2256 610 2331 mullum
632 2270 795 2357 tempus,
820 2280 893 2358 quo
919 2257 1058 2333 tertium
1087 2282 1107 2333 a
1135 2250 1383 2337 Patzinacitis

358 2374 361 2380 ’
480 2352 620 2458 expulsu
646 2352 796 2442 fuerint,
823 2358 976 2438 inuenio.
1016 2362 1153 2454 Immo,
1180 2354 1286 2462 liquis
1301 2354 1382 2456 pri·

453 2485 570 2538 ¹mum
612 2462 746 2539 eietios
781 2464 904 2540 statuat
943 2469 989 2540 A.
1016 2465 1054 2540 C.
1081 2473 1169 2561 894.
1197 2487 1268 2539 nou
1282 2457 1383 2542 latis

401 2617 405 2622 -
481 2564 624 2657 video,
651 2567 836 2666 quomodo
863 2567 929 2643 vel
954 2564 1138 2644 secundum
1167 2565 1251 2644 eiici
1289 2575 1381 2662 pot·

479 2668 597 2744 uerint
618 2668 670 2746 Ἀ.
699 2671 739 2746 C.
767 2677 851 2764 895·
891 2681 951 2743 aut
991 2668 1182 2772 sequente,
1220 2663 1381 2746 Aratio

479 2767 646 2846 habeatur
668 2771 809 2846 illorum
827 2772 1042 2848 Constantini
1061 2770 1265 2862 verborum,
1291 2772 1380 2873 qui·

479 2870 564 2970 bus,
592 2873 769 2975 postquam
796 2874 978 2963 narrasset.
1008 2874 1194 2980 quomodo
1215 2874 1379 2972 primum

149 3043 154 3060 ,
262 3021 266 3030 ·
478 2971 756 3056 aPrtzinacitis
780 2977 888 3053 Turci
918 2977 1006 3054 vitri
1034 2972 1192 3081 pullique
1208 2975 1272 3056 sub
1291 2977 1375 3053 Le·

206 3082 242 3182 J
328 3081 334 3098 “
479 3075 583 3155 bediu
608 3074 757 3168 iueriut3
780 3078 838 3185 lad
862 3082 1006 3157 alteram
1044 3081 1248 3159 eorumdem
1292 3082 1380 3156 cla·

478 3180 560 3258 dem
587 3194 625 3258 et
659 3183 870 3261 clodionem
895 3181 1156 3261 describendam
1182 3185 1232 3260 ita
1258 3197 1378 3259 trans·

477 3283 538 3362 it:
576 3281 643 3382 (a)
678 3279 758 3382 Pofl
794 3286 918 3384 aliquot
942 3310 1025 3362 vero
1052 3311 1180 3374 aanor,
1225 3282 1378 3364 Turcas

478 3387 669 3462 inundentur
694 3383 929 3476 Hrtzinucirae,
955 3397 1012 3466 eoi
1037 3415 1107 3466 cum
1128 3391 1274 3492 principe
1289 3387 1378 3464 Ar·

473 3489 558 3596 pade
579 3488 764 3592 persequuti
788 3493 871 3591 ficut.
926 3490 1086 3585 Nam‚fi
1114 3495 1252 3594 primam
1272 3492 1381 3569 inter

478 3597 689 3696 alteramque
730 3600 870 3692 cladem
914 3612 952 3673 et
987 3597 1199 3689 clodionem
1239 3595 1381 3691 aliquot

479 3701 557 3770 anui
571 3697 831 3788 defluxerunt3
858 3725 921 3777 eae
946 3702 1067 3777 clades
1085 3701 1192 3800 magis
1210 3698 1378 3776 inuicem

478 3799 632 3890 distare,
675 3827 777 3906 quam
802 3828 877 3880 vno
905 3807 1065 3918 alteroue
1092 3799 1378 3980 armo‚badebe·

453 3959 457 3966 -
668 3967 670 3970 -
1260 3918 1311 3984 nt.

523 4217 580 4308 (a)
604 4227 648 4286 De
669 4228 749 4288 auur.
771 4225 841 4307 imp.
867 4225 896 4286 C
923 4227 975 4309 38.
