3000 4825
342 444 664 659 ,ruvrrvss
775 493 938 639 “437
1020 627 1285 667 .........„

146 768 149 785 .
199 685 314 787 Asc.
335 700 437 805 955.
461 680 569 779 Tun.
589 712 630 800 9.
653 672 806 774 raum.
835 704 902 798 ¹3·
995 669 1223 868 ”ff

160 891 329 972 cxcvll.
355 890 437 967 Non
464 886 551 963 alius
575 882 669 984 apud
692 880 880 981 scriptores
895 879 987 961 vbe·
1010 869 1216 993 Ἡ

119 996 199 1087 rior,
226 1016 294 1069 nou
321 993 407 1067 aliua
433 987 528 1087 genti
554 991 690 1065 nostrae
715 982 885 1063 suneitior
925 1010 985 1061 an·
1007 1010 1145 1093 Quanti,
1209 1045 1211 1053 .

122 1122 171 1175 nus
193 1094 370 1187 occurrit,
397 1116 497 1194 quam
522 1091 605 1185 bic,
631 1090 848 1167 internecina
884 1092 982 1167 Hun·
1005 1114 1079 1164 eum
1101 1098 1207 1182 copiis

119 1221 254 1299 gaurum
281 1198 328 1275 ad
356 1196 536 1293 Augustam
563 1192 667 1273 clade
684 1204 830 1269 notatus.
868 1196 981 1299 Quum
1003 1180 1172 1283 panariam

119 1304 191 1379 enim
214 1325 305 1377 anno
331 1298 511 1406 superiore
536 1309 594 1410 top
621 1295 819 1397 prouincias
842 1294 984 1393 impune
1002 1270 1207 1343 mundamur

117 1403 300 1493 mssassent3
327 1426 454 1505 quum,
479 1398 599 1500 spoliis
627 1398 823 1497 ingentibus
838 1400 982 1484 relatis,

116 1530 213 1587 eorum
246 1506 306 1607 spe
332 1520 475 1583 ceteros
511 1504 615 1601 etiam
642 1504 689 1579 ad
714 1528 839 1582 nouam
865 1525 981 1601 expe·
1030 1501 1036 1511 ’

115 1611 262 1687 ditionem
286 1603 555 1697 accendissentr
600 1632 704 1711 quum
730 1605 981 1699 Germaniam,

106 1710 258 1815 intestinis
283 1712 381 1810 odiis
405 1708 588 1809 agitatam,
613 1706 766 1822 praedae
791 1722 906 1787 totam
921 1732 981 1808 pa·

114 1830 173 1893 tere
196 1814 392 1915 putassent3
419 1838 492 1916 quo
517 1815 648 1891 maiore
674 1837 847 1903 numero,
865 1836 994 1915 quam,

111 1920 172 1993 dm
196 1918 431 1996 Attilanorum
478 1930 672 2016 temporum
702 1917 885 2015 imaginem
912 1936 982 1993 ex·

113 2020 258 2113 bibituri,
285 2020 367 2119 saga
391 2018 593 2115 sumserunt,
620 2044 666 2097 eo
691 2022 807 2118 plures
832 2018 1009 2095 hostium

108 2124 215 2217 gladiis
255 2122 515 2203 occubuerunt.
590 2122 796 2221 Hepidauus
839 2121 981 2223 quidem
1084 2120 1090 2143 ‘
1126 2204 1130 2210 ,

106 2241 225 2303 centum
267 2228 457 2305 dumtaxtt
496 2238 702 2307 armatorum
753 2227 899 2302 nullium
940 2224 979 2300 in

105 2332 180 2407 banc
201 2329 407 2414 sententiam
425 2332 601 2409 meminit:
628 2328 681 2430 (a)
710 2325 800 2405 Otto
825 2351 887 2402 rex
906 2348 980 2401 cum

106 2431 258 2534 Agoranis
286 2439 305 2536 (
329 2429 383 2511 fic
409 2435 472 2511 ille
494 2429 608 2535 passum
626 2435 813 2533 Hungaror
831 2444 943 2509 vocat
960 2437 987 2529 ).

104 2540 246 2636 pugnabat
274 2542 309 2616 irr
329 2530 512 2640 sessiuitute
538 2530 581 2616 S.
598 2532 802 2620 Laurentii,
839 2551 978 2632 eosque,

104 2633 172 2714 Der
195 2645 407 2732 auxitiante,
434 2640 576 2722 druicitr
603 2654 636 2715 et
661 2657 735 2718 erut
760 2662 913 2716 numerus
936 2636 977 2711 il·

105 2739 195 2818 smum
220 2762 349 2822 certum
376 2743 503 2826 mistim·
527 2743 588 2820 sed
612 2743 783 2823 incertum
810 2745 891 2830 est,
933 2761 978 2818 an

104 2843 161 2924 boc
186 2871 333 2928 numero
353 2845 487 2935 caesos,
513 2847 576 2922 vel
596 2871 734 2924 omnem
760 2847 975 2940 exercitum,

104 2947 271 3050 intelligat.
327 2953 416 3032 Nam
443 2945 553 3026 maior
579 2971 702 3026 eorum
727 2947 828 3026 tuine
856 2971 975 3023 nume·

104 3070 144 3124 rus
166 3053 344 3144 videtur,
389 3046 419 3130 fi
454 3051 734 3146 continuatorem
779 3050 976 3150 Reginonis

104 3153 277 3232 turbamus:
305 3152 494 3255 Hangarr',
516 3151 636 3231 scribit
661 3155 751 3248 ille,
786 3151 866 3252 (b)
903 3175 976 3226 cum

104 3270 151 3328 tm
174 3263 303 3359 ingenti
330 3257 537 3334 multitudine
552 3260 728 3350 exierunt,
746 3270 788 3332 ut
808 3279 895 3339 ron,
914 3252 1000 3354 nifi.
1073 3323 1078 3341 ,

104 3369 173 3436 terra
198 3385 258 3439 eus
284 3362 494 3452 dehisceret,
536 3361 592 3435 uel
616 3361 738 3437 coelum
763 3381 823 3435 em
861 3361 976 3434 obrue·

104 3479 154 3549 rrt,
178 3469 219 3542 ab
245 3468 359 3562 aliqua
375 3462 417 3564 se
442 3465 531 3538 vimi
551 3457 640 3642 pulsa
672 3464 835 3542 dicerent,
884 3461 980 3537 Tam·

104 3566 312 3668 uprosetio
342 3564 560 3660 confidentia
598 3566 692 3646 outo
718 3567 883 3644 maiorem
910 3589 974 3642 eo·

104 3689 155 3745 rum
179 3671 281 3752 tuisse
306 3692 480 3750 numerum
507 3667 641 3767 arguit3
666 3691 772 3774 quum
790 3668 859 3746 iam
889 3668 974 3743 alias
1092 3678 1095 3684 ·

497 3773 610 3872 Ee3
839 3794 921 3850 eos·

128 4129 179 4214 (a)
200 4135 249 4200 Aa
272 4135 313 4200 A„
338 4137 371 4198 C.
393 4149 468 4215 955.

129 4217 182 4304 (b)
204 4224 253 4291 Ad
274 4222 317 4287 A.
338 4224 371 4286 C·
393 4237 469 4306 955.
594 4327 596 4346 Ι
