3000 4825
270 1425 483 1544 'hllluriae‘2
532 1450 698 1547 quarum
725 1424 831 1523 TV
865 1436 989 1525 studio
1029 1439 1145 1525 tanto
1183 1434 1345 1527 teneris
1354 1442 1376 1545 ’,

269 1592 322 1661 vt
350 1568 471 1660 nullis
504 1564 702 1658 sumtibus
728 1580 985 1689 'parcendum
1022 1578 1167 1684 ducas,
1208 1602 1289 1691 quo
1315 1560 1382 1664 bi-

270 1703 522 1798 bliothecam
550 1699 779 1823 mvndi,
819 1712 994 1831 antiquis
1028 1738 1165 1803 rerum
1207 1710 1376 1823 Hungu-

95 1966 98 1974 .
196 1850 205 1862 “
260 1849 443 1939 nicarum
475 1837 754 1939 monumentis
792 1846 989 1941 refertam
1031 1872 1078 1941 et
1117 1850 1376 1970 locupletiilu·

267 2012 405 2101 mam,
433 1983 590 2096 indies
617 1972 931 2103 locupletioiem
959 1984 1124 2080 efficias.
1181 1987 1381 2108 Loquen-

267 2145 336 2217 mr
364 2154 418 2215 eo
457 2124 627 2215 liberius
663 2124 833 2247 posteri,
873 2157 956 2246 quo
998 2128 1133 2221 minus
1184 2132 1381 2247 pertime-

235 2251 246 2297 ''
265 2257 414 2357 scenda
445 2261 665 2354 modestiae
706 2255 892 2355 TVAE
936 2272 1109 2359 vulnera
1144 2262 1379 2363 habebunt.

172 2403 175 2408 ’
266 2400 497 2521 suspicient
535 2398 595 2506 illi
622 2415 739 2492 certe
775 2396 1022 2526 summisque
1061 2408 1246 2496 laudibus
1275 2400 1384 2498 effe·

265 2564 364 2638 tent
393 2536 610 2630 indefessas
638 2543 927 2631 ecclesiasticae
954 2539 1184 2659 disciplinae
1211 2544 1283 2632 vel
1313 2571 1379 2632 re-

264 2683 518 2788 stituendae,
557 2682 629 2770 vel
665 2679 928 2772 stabiliendae
968 2707 1085 2768 curas
1120 2701 1172 2772 et
1201 2678 1380 2774 industri·

265 2849 321 2913 aa.
385 2815 687 2936 Obstupescent
722 2815 972 2945 propensam
1012 2819 1122 2906 illam
1160 2823 1214 2911 de
1231 2872 1233 2876 -
1253 2819 1418 2936 mini·x

206 3068 210 3079 .
264 2961 344 3052 mis
359 2961 722 3078 quibusquebene
739 2961 926 3049 merendi
942 2959 1215 3062 voluntatem.
1250 2951 1376 3045 Prae-

119 3178 123 3187 .
262 3101 460 3192 dicabunt
488 3093 691 3216 prosiliam
714 3099 757 3188 in
786 3125 942 3212 egenos
979 3124 1027 3186 ac
1057 3094 1229 3189 miserus
1258 3093 1374 3185 beni·

261 3239 476 3354 gnitatem.
521 3233 850 3328 Admirabuntur
878 3239 1139 3355 compositam
1171 3263 1220 3325 ac
1246 3234 1377 3324 omni·

108 3369 112 3375 ’
172 3446 175 3450 -
263 3383 343 3471 bus
374 3376 538 3466 facilem
559 3373 602 3460 in
623 3375 749 3464 tantis
778 3367 1003 3466 honoribus
1023 3377 1215 3476 indolem.
1248 3369 1373 3462 Haec

263 3538 310 3615 et
338 3519 417 3608 alia
447 3516 643 3635 plurima,
672 3542 777 3630 quae
806 3507 939 3606 sciens
970 3519 1228 3634 prudensque
1263 3539 1376 3628 prae·

250 3673 413 3762 ¹teneo,
442 3679 498 3742 ne
527 3659 605 3741 vel
628 3645 765 3741 rerum
796 3652 1065 3766 magnitudini
1093 3649 1370 3757 succumbam,

262 3801 485 3892 velantes
516 3783 687 3881 TVAS
718 3789 930 3905 laudibus,
972 3819 1213 3910 quamquam
1252 3785 1375 3879 veris

265 3938 371 4034 limis
413 3951 460 4028 et
499 3929 683 4023 omnium
729 3959 802 4024 ore
843 3925 1190 4043 celebratiffimis,
1246 3919 1375 4016 offen·

1186 4069 1281 4159 dam
1297 4131 1311 4178 ,
