3000 4825
550 534 636 651 156
786 500 1106 628 Amnuvs‘
1244 449 1248 460 ¹

240 701 464 773 '²27²
487 692 608 781 detero
636 696 686 778 A.
712 698 755 773 C.
784 705 868 793 891.
893 718 966 771 nou
1002 705 1117 781 tamen
1151 694 1284 774 eodem
1317 710 1387 785 et··,

246 831 248 839 ·
347 796 421 925 '9
485 802 551 875 iam
588 798 806 875 terminatum
853 796 1040 875 admittere
1078 796 1237 897 poiium,
1275 800 1374 903 quod
1406 872 1411 879 .

485 899 643 979 laudatur
667 900 816 1003 scriptor
829 900 971 977 innuere
994 900 1062 979 vel
1086 899 1172 975 ideo
1198 900 1376 995 videtur„

485 1007 584 1107 quod
609 1002 744 1081 bellum.
765 1004 1026 1081 Marahanicum
1056 998 1185 1080 referat
1210 1028 1300 1083 mox
1323 1007 1375 1083 ad

382 1118 387 1131 '
482 1110 681 1212 sequentem
709 1109 758 1185 A.
784 1110 825 1184 C.
852 1118 941 1203 892.
966 1102 1026 1182 De
1051 1106 1278 1185 Marahanici
1307 1110 1378 1197 hu,

484 1214 536 1289 ius
569 1210 655 1287 belli
679 1209 921 1308 [chronologia
951 1209 1080 1284 nemini
1112 1210 1212 1287 litem
1248 1208 1374 1286 obmo-

484 1336 571 1393 uere
589 1314 715 1405 volu,
761 1336 862 1415 quum
892 1312 984 1390 illud
1017 1313 1168 1388 annales·
1185 1314 1375 1393 Fuldenses

469 1416 531 1493 ‘ad
556 1420 605 1493 A.
631 1419 671 1493 C.
702 1426 787 1513 892.
813 1415 860 1491 ad
886 1415 1085 1516 sequentem
1119 1431 1267 1494 narrent
1293 1422 1374 1495 He·

483 1520 631 1620 pidauus
656 1520 867 1609 nonachus,
894 1515 1098 1595 Lambertus
1134 1518 1377 1611 Schaffnabur·

292 1686 295 1707 ,
481 1617 621 1721 gensis,
665 1619 864 1717 Sigebertus
896 1612 1173 1701 Gemblaceusrs.
1236 1624 1282 1699 At
1307 1649 1375 1725 pro

318 1724 323 1733 ’
437 1764 446 1837 ,-
483 1722 582 1803 bello
609 1724 794 1821 Bulgarico
820 1722 965 1821 figendo
992 1713 1241 1816 verifimiliora
1269 1726 1378 1805 habe·

481 1852 604 1905 muse
631 1828 779 1903 Graecis
811 1826 982 1920 vestigia,
1023 1849 1167 1929 quorum
1200 1834 1375 1907 narratio*

486 1956 566 2008 nem
606 1922 635 2006 fi
677 1932 832 2007 velimus
871 1930 1081 2023 attendere3
1119 1926 1228 2007 facire
1263 1934 1377 2017 statim

376 2106 381 2121 ,
485 2028 777 2124 obseruabimus,
816 2032 909 2108 illud
944 2033 1034 2109 intra
1076 2030 1218 2131 spatium
1266 2038 1378 2115 vuius

482 2136 564 2213 anni
592 2136 665 2213 vix
694 2136 767 2234 geri
793 2136 1039 2237 terminarique
1066 2136 1230 2234 potuine.
1287 2141 1377 2244 Quis

482 2241 575 2318 enim
610 2232 674 2317 srbi
709 2238 953 2337 persuadeat,
970 2253 1038 2315 tam
1078 2237 1175 2315 breui
1201 2243 1376 2343 temporie

365 2405 371 2420 n
480 2342 667 2422 interuallo
694 2345 844 2420 nuncios
869 2344 972 2420 vltro
1005 2340 1168 2446 citroque
1194 2365 1373 2424 commea·

478 2435 519 2522 1'e
545 2445 698 2545 potuiffe
724 2447 912 2543 primumn
967 2445 1091 2545 utgaris
1119 2445 1166 2522 ad
1193 2449 1376 2544 Graecos,

478 2561 552 2623 tum
578 2571 602 2626 a
627 2547 775 2624 Graecis
791 2547 851 2649 ad
885 2549 1062 2630 Chazaros
1086 2548 1122 2626 in
1149 2546 1235 2627 belli
1259 2549 1378 2628 rocie-

477 2662 586 2725 tatem
613 2651 839 2742 euocaudos;
864 2661 903 2726 et
928 2701 943 2741 ,
965 2651 1147 2752 ‘postquam
1173 2652 1213 2727 hi
1236 2651 1379 2730 naribus

476 2749 623 2848 multati¹
637 2747 805 2844 surrent,
831 2752 879 2828 ad
906 2753 1090 2850 ilungaros
1098 2783 1113 2844 ;
1139 2756 1218 2855 post
1243 2757 1374 2834 horum

476 2871 591 2930 autem
616 2855 652 2930 iu
682 2853 870 2953 Bulgariam
896 2853 1153 2954 irruptionem,
1181 2859 1378 2955 geminam·

354 2983 357 3008 ¹
475 2962 545 3058 que
571 2957 793 3041 vitiorium,
826 2956 1027 3055 aBulgaris
1052 2959 1098 3035 ad
1126 2962 1309 3052 Graecos,
1350 2989 1379 3042 a

474 3061 623 3139 Graecis
647 3059 693 3136 ad
719 3062 914 3158 Bulgarqs;
940 3063 1019 3162 post
1044 3054 1236 3140 sunulatam
1263 3065 1369 3142 dent·

400 3243 403 3253 ,
474 3189 544 3266 que
584 3183 737 3264 pacem,
775 3161 905 3259 beilum
940 3164 1115 3262 Hungaris
1152 3180 1189 3242 et
1226 3167 1374 3245 cladem

359 3269 362 3276 “
473 3266 606 3342 illatam
635 3265 717 3344 eise.
770 3269 874 3343 Haec
903 3261 1004 3357 sane,
1044 3259 1291 3364 filocorum,
1331 3271 1377 3346 in

472 3367 593 3470 quibus
620 3369 767 3448 Chazari
805 3367 1032 3470 Hungarique
1073 3370 1277 3469 degebant,
1313 3394 1379 3449 ra·

472 3477 527 3548 tio
553 3469 751 3559 habeatur,
791 3469 828 3544 in
872 3469 990 3568 plures
1022 3467 1130 3549 annos
1164 3475 1379 3574 digerenda

471 3575 571 3668 sunt,
605 3589 650 3650 vt
673 3572 745 3675 ipse
772 3574 825 3648 Cl.
851 3570 972 3650 Praiur
996 3573 1081 3650 alibi
1105 3572 1247 3655 fatetur.
1309 3581 1373 3682 (a)

352 3749 359 3766 ,
472 3681 553 3754 Hac
578 3677 625 3752 de
653 3674 766 3753 cauffa
789 3674 931 3752 Simeon
958 3701 1096 3780 quoque
1130 3678 1338 3777 Logotheta
1351 3739 1374 3779 ‚

471 3780 531 3881 qui
569 3775 655 3856 belli
693 3780 793 3856 huius
829 3775 875 3852 ad
907 3800 1030 3856 annum
1056 3782 1197 3860 tertium
1224 3782 1375 3863 Leonis

470 3881 648 3973 meminit,
675 3879 844 3982 quicquid
869 3881 916 3955 ad
942 3905 1065 3957 annum
1086 3884 1160 3960 eius
1175 3886 1240 3960 tem
1255 3883 1375 3985 septi-

470 4008 560 4060 mum
585 3984 744 4092 accidit,
768 4005 842 4061 vna
867 3981 952 4059 serie
979 4001 1115 4080 nanat3
1141 3990 1259 4086 postea
1289 4014 1370 4069 ve·

513 4211 568 4301 (a)
590 4215 667 4300 Diff.
689 4219 732 4281 X.
752 4231 784 4303 p.
801 4194 878 4328 pqr.
900 4222 934 4286 in
955 4235 1018 4290 not.
1053 4226 1056 4239 '
