3000 4825
417 479 422 489 ’
564 501 650 617 586
683 507 696 545 ··
841 496 1025 593 umisa

270 642 478 767 π
500 658 655 760 priimum
681 658 878 739 contulisse.
938 662 1051 767 Quare
1068 652 1095 737 ss
1113 614 1147 739 S
1171 660 1358 764 Stephanum

336 798 413 871 979.
499 788 520 839 a
546 763 583 842 S.
616 762 848 853 Adalberto,
888 762 953 839 iam
982 762 1173 863 episcopo,
1198 766 1288 845 sacro
1311 768 1359 846 ba·

499 866 656 966 ptilmate
682 869 855 943 lustratum
883 858 1119 957 admittimus,
1145 867 1184 943 id
1203 869 1237 944 iu
1261 874 1360 969 polle·

499 968 595 1045 riora
618 984 779 1068 tempora
819 968 1047 1046 reiiciendum
1082 968 1151 1045 elle
1182 969 1358 1065 censemus,

501 1070 723 1175 pluribusque
748 1085 914 1149 veterum
952 1072 1154 1169 scriptorum
1180 1074 1361 1151 testimoniis

496 1176 700 1253 senteutiam
727 1176 876 1251 nostram
901 1172 982 1251 alibi
1008 1170 1223 1255 stabiliemus.
1273 1180 1361 1257 Nunc

497 1278 581 1355 latis
606 1278 763 1354 ducimus
786 1277 952 1369 innuere,
980 1276 1067 1351 nihil
1094 1276 1224 1377 prorius
1245 1277 1279 1353 iu
1297 1282 1362 1355 cu·

483 1380 631 1461 ,tbuitio
655 1378 828 1479 reperiri,
866 1403 937 1481 quo
966 1400 1150 1477 cogamur,
1177 1402 1290 1457 aunum
1315 1406 1361 1455 na,

497 1482 646 1559 tiuitatit
669 1497 708 1560 et
734 1480 890 1579 baptismi
928 1481 965 1561 S.
995 1482 1168 1580 Stephani·
1194 1482 1363 1579 coniunge

497 1607 552 1663 re.
606 1586 713 1662 Licet
737 1586 842 1671 luitur
866 1586 937 1661 boc
966 1584 1119 1659 annoS.
1158 1580 1364 1661 Adalbertum

496 1686 650 1765 mondum
677 1684 778 1763 fuilie
813 1688 1051 1763 consecratum
1086 1683 1283 1787 episcopum
1316 1688 1366 1763 ad·

497 1788 694 1882 mittamus3
730 1804 768 1867 et
797 1784 930 1880 abeo,
955 1789 1023 1865 ium
1050 1788 1247 1889 episcopo,
1272 1786 1366 1891 bapti·

497 1891 710 1967 ratumelle
733 1892 768 1967 S.
797 1890 1031 1989 Stephanum,
1051 1891 1181 1968 itidem
1209 1892 1366 1967 conceda·

417 2020 421 2026 ·
497 2018 603 2082 mus;
629 1995 716 2069 nibil
743 2009 873 2071 tamem·
888 1990 1026 2092 obstat,
1053 1995 1265 2097 quominus
1288 2018 1367 2071 eum·

497 2096 581 2174 dem
612 2098 690 2175 iam·
715 2100 790 2174 laoc
815 2120 907 2173 auno
943 2099 1058 2175 lucem
1094 2094 1234 2197 primam
1264 2092 1367 2195 adipe·

453 2287 458 2294 ⁴
497 2200 590 2277 adise
622 2200 797 2291 dicamur,
851 2223 895 2275 ue
933 2202 1001 2279 vul
1035 2204 1219 2299 pauciores
1252 2200 1369 2277 ,aetatu

497 2326 606 2379 annos
646 2304 702 2379 illi
735 2302 946 2394 tribuamus,
996 2326 1097 2405 quarm
1136 2300 1279 2379 exculia
1315 2302 1368 2375 iam

497 2405 682 2484 Cartbuitii
709 2402 820 2484 verba
846 2406 1018 2504 saeuique
1037 2406 1131 2504 regis
1154 2406 1232 2482 atla
1254 2404 1370 2490 velint,

496 2502 528 2584 fi
569 2510 785 2586 natiuitatem
835 2511 909 2585 eius
950 2509 1134 2609 figeremus
1178 2509 1225 2583 ad
1267 2507 1310 2582 A.
1339 2509 1370 2581 c.

498 2623 586 2711 983.
612 2626 674 2688 aut
699 2625 789 2708 985,
816 2627 875 2687 aut
899 2624 989 2710 989.
1016 2610 1115 2702 (nam
1144 2605 1301 2686 omuibus
1328 2611 1371 2682 hit

496 2713 594 2786 aunis
617 2714 695 2789 suos
725 2727 894 2811 patronos
919 2737 990 2789 non
1015 2713 1162 2807 deelie,
1201 2713 1296 2812 supra
1324 2710 1371 2786 ui·

495 2811 640 2912 dimus)
673 2817 741 2892 vel
776 2817 890 2913 plures
927 2817 1045 2893 eidem
1088 2839 1203 2892 annos
1235 2814 1372 2900 demus,

496 2939 597 3017 quarm
630 2919 740 3002 rursus
774 2917 959 2994 carthuitii
984 2916 1093 2996 verba
1131 2905 1374 3019 patiantur,sa

496 3041 575 3094 cum
605 3021 722 3117 patriis
754 3018 977 3117 scriptoribus
1016 3023 1110 3096 illius
1143 3025 1297 3098 natalem
1321 3017 1374 3092 sta·

496 3137 630 3196 ruamus
670 3126 716 3199 A.
746 3127 786 3201 C.
813 3123 901 3230 969.
938 3123 1114 3201 Videntur
1152 3125 1194 3200 bi
1232 3117 1375 3199 fontibus

494 3223 621 3303 iisdem
647 3220 726 3308 vsa,
763 3225 821 3301 sed
851 3227 1007 3314 vitiatis,
1034 3223 1099 3302 vbi
1124 3227 1258 3302 natalis
1283 3221 1374 3298 ianm

494 3329 586 3424 regis
611 3349 717 3404 annus
742 3327 886 3425 scriptus
910 3325 1019 3405 fuerit
1044 3328 1261 3404 CMLXIX.
1285 3346 1376 3427 quum

495 3426 597 3520 scribi
642 3428 815 3506 debuiiiet
855 3431 1103 3508 cMLxxlx.
1157 3435 1246 3510 Nom
1282 3422 1375 3503 inire·

497 3555 606 3632 quens
631 3533 680 3608 est
710 3534 771 3608 bic
794 3529 979 3620 scribarum
1011 3553 1135 3626 error,
1162 3548 1209 3609 vt
1239 3532 1378 3633 aliquam

496 3634 577 3708 artui
606 3648 722 3713 notam
751 3634 926 3714 omittant.
980 3640 1036 3714 lta
1071 3640 1139 3714 iam
1165 3635 1266 3735 supra
1291 3631 1375 3712 vidi·

495 3759 596 3828 mus,
631 3735 666 3810 iu
706 3741 902 3830 Anonymo
938 3739 1045 3816 Belae
1078 3741 1246 3828 notario,
1282 3732 1378 3810 mani·

494 3832 586 3915 fello
619 3836 831 3913 librariorum
871 3861 1024 3931 errore,
1052 3840 1243 3940 ·icriptum
1286 3835 1378 3913 iuiiie

495 3937 717 4018 DCCCClll.
753 3961 817 4041 pro
845 3933 1103 4024 DCCCXClll.
1150 3945 1262 4020 Plura
1287 3940 1379 4020 huius

497 4042 635 4149 generis
660 4045 828 4148 exempla
850 4039 967 4146 palium
1004 4045 1041 4122 iu
1068 4045 1260 4225 Tmfflss·
1284 4043 1377 4118 vide·

514 4194 519 4210 ·
1249 4167 1335 4224 tumus
1373 4183 1380 4191 ·
