3000 4825
517 604 605 704 452
807 573 1018 673 TOXVS

239 728 439 852 *ff
462 742 695 824 Almnnniam
737 736 895 818 Conrado
943 746 1052 845 princ
1096 740 1262 841 (ottone
1305 742 1366 841 Ι.)

300 880 377 953 9⁵⁵·
463 846 630 949 Huugcri
655 840 792 944 φξβ,
830 848 1018 943 quibusdam
1052 848 1204 945 pactibus
1232 836 1363 916 Teuta·

374 1000 377 1007 ·
463 954 538 1030 niae
572 944 775 1048 desisterit,
824 972 919 1044 quum
955 951 998 1026 ad
1028 950 1142 1023 uelem
1177 939 1364 1043 Augustam

458 1050 716 1161 peruenissent,
770 1046 886 1127 Vlrico
938 1050 1171 1151 (Vdalrico)
1212 1042 1365 1149 episcope

466 1182 539 1235 cum
574 1158 699 1232 ciuibus
725 1168 760 1229 ct
791 1148 937 1231 Suculae
972 1158 1169 1256 primatibus
1192 1146 1365 1252 refistenti-

467 1265 554 1353 tus,
588 1260 741 1348 taudem,
780 1278 877 1355 quum
910 1254 1075 1359 Hungam'
1108 1256 1248 1333 eamdem
1284 1252 1365 1353 utpi-

443 1394 447 1407 ¹
470 1365 585 1442 decent
611 1366 795 1446 ciuitatem,
836 1354 1009 1459 obstinati,
1045 1362 1195 1436 nolentes
1220 1360 1259 1435 de
1281 1364 1365 1434 urle

470 1468 645 1551 recedere.
689 1458 788 1563 misti
812 1466 938 1541 nunciis
968 1466 1011 1541 ad
1033 1464 1225 1541 Commium
1248 1484 1366 1537 meme·

471 1585 604 1655 ratum.
630 1582 669 1642 ut
691 1570 841 1644 celeriter
866 1566 1004 1645 urbanis
1019 1568 1254 1672 fitecurreret‚
1282 1566 1365 1641 idem

471 1698 538 1751 nou
576 1668 681 1771 nmifit
714 1672 840 1746 venire.
892 1668 1078 1771 Hungnris
1110 1676 1216 1773 igitur
1243 1668 1286 1773 se
1316 1672 1365 1744 in·

367 1788 371 1797 '
472 1792 567 1854 caute
604 1779 692 1853 circa
727 1771 920 1871 alfidiouem
958 1778 1108 1851 ciuitatis
1132 1776 1365 1876 gerentibus,

473 1880 715 1971 Alemannicus
747 1891 782 1951 et
825 1874 971 1955 Italicus
1007 1882 1172 1981 exercitus
1205 1878 1284 1953 illos
1317 1879 1368 1951 in·

470 1981 558 2083 unfit
582 2007 625 2059 ex
658 1986 814 2082 abrupc03
848 1997 912 2076 vt,
943 1980 978 2083 ſs
1003 1980 1125 2083 fingere
1157 1976 1365 2082 valedicit,
1407 2002 1409 2009 ·

470 2110 536 2163 nnn
558 2083 732 2188 patuiffmt
752 2102 764 2179 3
789 2106 832 2158 ex
859 2108 927 2161 una
949 2102 1044 2186 parte
1063 2084 1192 2186 fluuio,
1217 2088 1274 2183 qui
1300 2086 1368 2159 illis

417 2238 421 2246 -
472 2191 586 2267 dicius
619 2211 679 2291 per
714 2188 847 2265 tanaim
885 2191 1080 2267 mirabiliter
1123 2189 1366 2279 mandauerat,
1407 2186 1409 2261 :

473 2294 730 2396 impedimentum
750 2287 927 2389 faciente,·
964 2297 1004 2369 at
1032 2295 1138 2368 altera
1161 2315 1244 2368 vern
1274 2312 1367 2365 exer·

474 2401 595 2476 ciuibus
619 2389 797 2499 praedidis
822 2396 1167 2490 circumuenientibus,
1186 2394 1274 2496 ficut
1298 2420 1367 2470 nru-

473 2507 551 2594 ris,
577 2501 713 2600 illosque
741 2493 1042 2599 cmstringmtitus.
1094 2495 1157 2576 Sic
1176 2503 1285 2596 ireque
1315 2523 1368 2573 er·

475 2599 555 2681 &lati
588 2607 627 2679 alr
655 2597 822 2702 tistitus,
857 2603 986 2700 puidam
1027 2606 1191 2705 captiunti
1224 2607 1265 2678 ul
1290 2606 1367 2694 eis,
1406 2628 1407 2669 ι

476 2708 579 2803 aliqui
603 2708 781 2782 crudeliter
809 2703 894 2806 stent
922 2707 1041 2784 necati.
1117 2703 1164 2784 Iu
1194 2730 1257 2806 pun
1298 2707 1368 2780 lucc

476 2805 570 2888 Lecl
595 2823 628 2884 ct
652 2807 808 2901 Badrin,
837 2803 979 2905 illustres
1004 2811 1163 2909 capitanei
1188 2815 1286 2910 (non
1314 2833 1369 2886 re·

477 2935 561 3014 ges,
605 2927 670 2992 aut
695 2912 833 3010 reguli)
868 2916 1023 3014 captiucti
1038 2913 1121 3014 sunt
1149 2929 1183 2990 ct
1214 2905 1369 2988 ductent

479 3013 647 3117 caesarem.
711 3014 816 3112 Quos
850 3039 946 3114 quum
997 3015 1108 3118 caestre
1156 3018 1369 3115 requireret:

477 3143 578 3218 quare
605 3111 805 3212 Christianis
830 3115 931 3222 efflent
949 3118 1000 3220 fic
1024 3121 1199 3215 crudeles,
1236 3121 1371 3202 dicunt:

265 3279 269 3286 .
332 3280 341 3303 ,
477 3247 541 3300 nos
564 3221 680 3321 sumus
714 3223 797 3299 ultio
845 3227 944 3299 ammi
976 3217 1121 3318 Ditis
1140 3227 1179 3299 ab
1208 3223 1274 3325 ipso
1309 3247 1369 3298 nn·

478 3328 531 3402 iis
557 3328 590 3399 in
608 3322 781 3426 flagellum
829 3321 981 3422 estimati3
1015 3341 1092 3402 tunc
1116 3331 1199 3404 enim
1222 3349 1285 3430 per.
1308 3351 1370 3402 um

478 3431 680 3531 captiuamur
714 3443 747 3504 et
774 3430 974 3523 occidimur.
1011 3453 1106 3527 quum
1137 3429 1286 3534 persequi
1310 3453 1370 3504 uns

427 3551 430 3558 ’
479 3529 649 3634 ceffumus.
711 3531 850 3630 Quibus
887 3538 1087 3635 imperator:
1134 3536 1245 3636 eligite
1276 3535 1371 3610 undis

480 3651 636 3720 mortem,
664 3637 789 3732 qualem
813 3632 936 3721 uultis.
985 3634 1052 3713 cut
1079 3633 1171 3714 Leel
1195 3641 1268 3713 uit.-
1295 3634 1370 3740 affe·

469 3738 684 3844 'raturmili
710 3743 787 3816 cuia
819 3763 914 3836 meu,
939 3763 1010 3816 cum
1044 3758 1108 3840 qua
1135 3739 1273 3842 primum
1300 3743 1371 3815 luc-

480 3845 625 3934 cincusq
657 3839 768 3942 postea
810 3846 870 3922 citt
901 3845 1106 3947 respondedo.
1188 3843 1368 3941 dilataque

480 3940 718 4038 edeltridae
766 3960 800 4023 tt
838 3953 1029 4050 appropians
1077 3945 1237 4048 caesam,
1276 3969 1366 4046 quun

471 4047 514 4151 sc
539 4051 704 4154 ingerercc
729 4049 1062 4138 indiminutum,
1089 4052 1189 4155 ipsum
1214 4055 1366 4154 caesacen

472 4147 525 4250 fic
543 4151 687 4254 sortiter
712 4155 746 4230 iu
765 4151 885 4259 fronte
909 4181 982 4234 cum
1006 4163 1085 4237 tuda
1102 4155 1223 4262 fertum
1243 4149 1365 4256 percus·

1282 4281 1319 4342 (ι
