3000 4825
378 1190 390 1229 l

483 629 633 750 -84,
738 635 743 641 ’
803 608 1024 741 ALMVS

211 836 215 844 .
254 755 454 895 ἐξ·
473 780 708 859 Rornanorum
731 778 918 880 euincunt,
937 806 1024 883 quae
1041 778 1255 869 Placidianr,
1279 781 1367 855 Ho-

160 932 166 947 ‘
313 922 397 991 888..

472 882 565 962 norii
593 881 769 975 sororem,
796 908 865 959 non
889 886 1046 974 Attilae,
1074 882 1134 961 [εά
1153 882 1367 968 Constantio
1411 936 1414 943 ,

473 990 545 1065 lll.
562 1002 722 1083 nuptarn3
743 1009 795 1063 ex
813 1011 920 1089 eaque
937 1011 1007 1061 non
1028 984 1200 1077 Chabarn,
1219 982 1278 1061 [εά
1295 986 1372 1059 Va·

419 1173 424 1193 x
471 1088 697 1165 lentinianurn
724 1094 791 1167 lll.
820 1090 1036 1189 progenitum
1055 1088 1214 1165 afferunt.
1253 1088 1368 1163 Eae·

472 1190 555 1269 dem
582 1192 749 1284 tradunt,
795 1192 991 1269 Honoriunr
1019 1214 1069 1267 ex
1095 1193 1162 1268 hac
1189 1190 1262 1265 vita
1298 1188 1371 1265 rni·
1406 1216 1410 1221 ·

345 1363 348 1371 .
474 1290 582 1393 grasse
621 1296 735 1370 Asc.
764 1314 852 1389 423.
889 1320 960 1397 quo
987 1292 1141 1369 nondum
1168 1292 1280 1367 Attila
1305 1314 1371 1369 re·

471 1417 547 1473 rum
586 1395 683 1497 apud·
715 1398 866 1472 Hunnos
891 1396 1027 1499 potitus
1054 1399 1136 1483 est,
1180 1394 1373 1496 quomodo

471 1498 577 1595 igitur
610 1495 748 1589 Chaba,
788 1502 864 1597 post
913 1502 1046 1577 Attilae
1088 1510 1265 1588 rnortern,
1316 1496 1372 1573 ad

472 1602 702 1692 Honoriurn,
743 1602 811 1676 iarn
838 1615 918 1679 ante
945 1602 1100 1679 tricenos
1135 1624 1245 1675 annos
1271 1621 1371 1675 rnor·
1420 1636 1422 1641 v

382 1782 385 1790 ,
472 1715 593 1794 tuum,
618 1699 729 1803 fugit,
759 1703 795 1782 et
821 1704 911 1803 apud
930 1706 1026 1781 illurn
1045 1702 1221 1783 tredecim
1249 1724 1371 1782 annos

474 1798 626 1904 exegit?
653 1806 761 1885 Plura
785 1806 861 1883 sunt
881 1804 1054 1886 'eiusnodi
1072 1804 1250 1895 fabulosa,
1271 1830 1395 1907 quae,

473 1906 669 1987 Turotzius'
688 1908 826 1999 adferta
851 1908 912 1987 led
938 1910 982 1987 iis
1006 1904 1213 1988 refellendis
1238 1908 1375 1986 irnrno·

471 2014 538 2123 rari
563 2036 635 2089 non
660 2026 785 2117 uacat.
823 2014 949 2119 Neque
975 2014 1064 2091 haec
1090 2011 1155 2087 alia
1182 2008 1229 2087 de
1250 2010 1396 2101 caussa:

471 2121 773 2207 commemoraui,
816 2140 915 2219 quam
942 2131 986 2193 ut
1007 2116 1086 2209 illi,
1124 2112 1183 2217 qui
1210 2114 1378 2191 chrono-

283 2234 290 2249 “
372 2275 374 2280 -
470 2218 603 2320 logian
625 2220 662 2300 in
687 2218 839 2297 historiis
866 2220 1055 2303 oderunt,
1092 2218 1279 2307 ,videant,
1328 2218 1378 2293 in

470 2336 619 2424 quantos
659 2344 798 2401 errores
832 2321 1008 2406 historici.
1052 2324 1125 2399 hoc
1163 2322 1272 2399 oculo
1300 2320 1378 2425 de·

460 2427 603 2521 diruti,
648 2426 895 2506 andabatarum
916 2427 1037 2526 inore,
1074 2427 1281 2525 praecipites
1308 2445 1376 2500 ru·

469 2542 555 2620 ane,
583 2545 695 2630 vtque
722 2531 934 2629 populares,
956 2531 1020 2633 qui
1045 2529 1237 2622 postrorum
1258 2549 1375 2606 anna·

470 2630 556 2709 lium
583 2628 692 2709 fidem
719 2629 855 2736 ubique
881 2630 1087 2736 sequendam
1115 2631 1184 2707 elie
1212 2629 1375 2722 ducunt,

471 2728 778 2834 aequiusferaut,
820 2727 849 2810 fi
883 2735 1024 2842 quaudo
1052 2729 1292 2819 dilceffiouertr
1309 2729 1377 2808 ‘ab

468 2833 512 2911 iis
538 2863 560 2912 e
586 2835 734 2914 criticae
761 2833 894 2938 legibus
919 2835 1055 2944 facian.
1094 2837 1263 2936 Propter
1300 2838 1375 2912 ali·

469 2963 554 3038 quae
592 2954 705 3017 tannen
723 2939 780 3035 ¹id
814 2933 921 3040 genus
948 2939 1184 3020 aberrationes
1219 2935 1372 3016 omnem

467 3040 512 3116 iis
538 3039 647 3120 fidern
664 3039 896 3142 abrogandam
918 3067 1096 3148 numqqarn
1123 3039 1259 3130 censui,
1278 3041 1376 3142 quin

468 3144 576 3222 irnrno
600 3143 657 3222 iub
674 3141 841 3225 fabulosis
867 3147 969 3224 etiarn
997 3141 1272 3234 narrationibus,
1300 3151 1405 3250 ver.-

468 3246 814 3344 conminationibus,
841 3252 987 3353 aliq'uam
1016 3254 1200 3328 veritatem
1226 3249 1376 3344 latere,
1394 3302 1420 3336 .,

386 3391 398 3410 κ
470 3353 673 3455 plerumque
691 3355 922 3454 deprehendi.
968 3361 1160 3456 Numquam
1181 3347 1264 3426 mihi
1289 3343 1379 3431 srue

470 3454 685 3549 Turotzius,
712 3453 788 3536 fiue
814 3463 891 3562 quis
915 3457 1003 3534 alius
1023 3459 1157 3558 patriae
1178 3451 1378 3546 historicus

468 3555 562 3634 adeo
592 3561 792 3638 temerarius
828 3562 921 3639 visus
950 3563 1021 3652 est,
1060 3573 1105 3638 vt
1130 3579 1195 3636 eos
1222 3558 1378 3655 omnia,

377 3722 383 3735 „
469 3685 558 3762 quae
595 3677 734 3742 narrant
767 3692 787 3742 e
827 3665 888 3742 suo
927 3662 1075 3742 cerebro
1109 3655 1333 3762 procudilse
1358 3718 1378 3758 ‚

464 3765 551 3840 mihi
579 3762 811 3866 persuadeam.
878 3765 1039 3870 Aliquod
1078 3766 1132 3842 illi
1156 3758 1379 3840 fundamen·

464 3882 537 3942 turn
564 3869 770 3947 narrationis
795 3871 927 3972 semper
960 3865 1162 3958 trabebant,
1194 3863 1255 3942 [εά
1289 3889 1377 3946 nra-

464 3973 534 4043 lurn
562 3973 647 4048 huic
675 3971 897 4066 aedificium,
923 3977 987 4051 vel
1012 3967 1106 4048 falsrs
1140 3965 1376 4068 popularium

463 4073 648 4151 cantilenis
669 4079 837 4176 decepti,
853 4079 917 4154 vel
937 4077 1097 4154 adiuntra
1118 4069 1286 4179 quaedam
1311 4075 1375 4170 as·

462 4172 558 4253 suere
592 4181 690 4256 veris
727 4182 862 4268 eueutis
903 4180 1065 4276 alneti,
1100 4199 1371 4358 nonqunrquarn

1197 4299 1299 4380 uper·
