3000 4825
593 551 680 645 320
807 518 1145 621 zornnnvs

306 678 510 801 ,Ρῇῗ
530 683 634 780 hem,
661 688 697 763 in
715 686 762 764 V.
788 688 912 763 mutari
926 682 1067 765 debeat.
1119 682 1253 765 Oblitus
1274 688 1319 767 fni
1338 693 1381 771 el.

371 824 446 907 923.
527 790 679 893 nudor.²
715 814 816 891 quum
856 790 904 866 de
935 788 1063 887 nuptiis
1094 784 1195 869 Petri
1226 794 1384 894 loquitor,

531 892 761 971 indictionem
798 895 882 971 XV.
919 892 1029 990 iungit
1052 914 1131 967 cum
1168 897 1214 972 A.
1249 900 1288 973 C.
1313 921 1385 999 932.

531 1020 635 1101 quum
660 994 694 1072 in
728 999 822 1073 hunc
852 994 987 1073 incidat
1022 994 1172 1073 iudidio
1207 997 1255 1081 V.
1279 1017 1387 1079 contra

532 1121 622 1177 vero
656 1099 739 1177 XV.
773 1098 809 1172 in
837 1102 884 1177 A.
912 1102 953 1199 C.
991 1115 1078 1202 927.
1113 1124 1185 1201 quo
1211 1100 1386 1180 Simeonem

534 1198 713 1289 deceffiise
739 1200 952 1297 statuendum
986 1202 1056 1293 est,
1083 1202 1164 1277 dum
1192 1223 1385 1302 argomento,

533 1332 622 1408 qnae
649 1305 843 1383 testimonia
869 1305 1097 1381 Graecormn
1119 1322 1293 1401 euemmt.
1323 1331 1386 1409 pro·

534 1415 717 1489 ducantur.
786 1412 840 1491 Cl.
876 1407 1055 1483 Stritterus
1078 1410 1113 1483 in
1148 1412 1329 1509 Bolgaricis
1349 1411 1386 1507 (a)

441 1516 447 1531 '
487 1556 488 1559 κ
535 1526 682 1591 mortem
708 1510 882 1588 Simeonis
907 1508 985 1611 figit
1010 1511 1147 1612 quidem
1175 1516 1225 1599 ad
1247 1514 1386 1591 inmoto·

371 1702 382 1719 ,
535 1640 616 1695 nem
650 1614 733 1691 XV.
760 1614 821 1691 sed
845 1638 933 1715 quae
956 1612 1164 1713 respondeat
1189 1621 1235 1693 A.
1263 1620 1299 1692 C.
1323 1636 1386 1713 941.

537 1721 626 1795 Tam
652 1720 775 1817 procul
798 1732 912 1793 autem
935 1739 1011 1793 eam
1036 1716 1176 1801 differri
1200 1742 1270 1795 non
1295 1720 1388 1819 posse,

538 1832 634 1922 patet
668 1842 718 1895 ex
752 1818 823 1911 im,
864 1842 951 1922 quae
978 1816 1088 1896 refert
1112 1820 1161 1895 ad
1187 1825 1234 1899 A.
1259 1825 1299 1905 C.
1323 1841 1388 1921 933.

538 1922 596 2021 (b)
623 1946 694 2024 quo
728 1920 882 2013 Petrus,
908 1922 1081 1998 Simeonis
1106 1920 1222 2014 filius,
1246 1922 1310 1999 iam
1331 1926 1389 2001 Bul·

539 2026 654 2126 garine
678 2018 859 2123 ¹prnefuit3
894 2024 1056 2125 adeoque
1089 2040 1189 2123 pater
1220 2024 1292 2103 eius
1322 2026 1390 2125 prim

278 2130 283 2142 “
402 2126 405 2133 ’
439 2140 441 2143 ’
539 2128 717 2207 decedere
751 2124 884 2206 debuit.
944 2128 1027 2203 Eius
1060 2126 1171 2221 igitur
1204 2141 1310 2205 morte
1333 2132 1391 2205 ml·

539 2242 637 2333 gata,
682 2228 862 2322 Homeri,
900 2240 1034 2328 tempus
1068 2230 1186 2307 adesse
1223 2232 1308 2323 rati,
1338 2254 1392 2332 qno

541 2337 702 2424 cladem,
729 2334 814 2407 olim
836 2330 880 2406 ab
906 2332 1070 2409 Simeone
1089 2334 1161 2410 hoc
1184 2333 1328 2427 illatam,
1351 2337 1393 2411 vl·

520 2439 771 2528 eicerentur,
798 2436 834 2510 in
859 2436 1024 2534 Bulgaros
1047 2457 1136 2512 arma
1162 2449 1302 2515 vertere
1327 2458 1394 2513 con·

542 2543 753 2643 stitueruntj
791 2549 829 2614 et
851 2535 930 2640 quia
958 2562 1037 2614 cum
1065 2539 1197 2618 Seruiis
1223 2555 1259 2617 et
1284 2539 1395 2617 Croni

542 2643 579 2720 in
618 2639 780 2718 eamdem
830 2641 1102 2738 expeditionem
1158 2645 1394 2744 conspirarunt,

544 2744 628 2820 dum
653 2744 754 2818 vltro
786 2742 948 2844 citroque
974 2733 1092 2821 nuncii
1114 2764 1342 2849 commearent
1364 2766 1395 2822 rc

546 2862 728 2947 apparatus
756 2845 801 2920 ad
832 2859 960 2921 tantum
987 2844 1117 2924 bellum
1142 2847 1290 2939 fierent3
1313 2846 1395 2925 facile

455 2989 459 2998 ·
547 2949 644 3050 prior
676 2970 781 3022 annm
827 2946 953 3026 abierit
985 2966 1026 3026 et
1047 2950 1082 3024 in
1111 2954 1208 3031 hune
1248 2947 1396 3053 proiedio

547 3051 657 3128 dilata
679 3047 795 3127 fuerit.
852 3045 987 3126 Vicinm
1009 3054 1111 3151 igitur
1128 3071 1261 3154 gentes,
1284 3057 1329 3132 ait
1348 3057 1396 3130 ΕεἸ

328 3207 330 3217 ,
479 3236 482 3249 ,
547 3153 699 3248 ἀῐεηυς,
726 3147 851 3238 Turm',
876 3149 1002 3247 Serui,
1027 3152 1215 3233 Chroiatae
1239 3173 1327 3256 atque
1342 3155 1397 3246 alii,

541 3257 663 3341 ,andito
687 3251 853 3334 Simeonis
880 3273 1000 3341 morte,
1034 3255 1209 3359 Bnlgaron
1234 3262 1311 3336 bello
1330 3274 1397 3359 pete·

549 3381 588 3435 re
611 3356 808 3460 statuebant.
857 3358 952 3452 Sed,
987 3363 1084 3463 quod
1118 3364 1326 3448 dolendum,
1354 3384 1397 3436 ne·

549 3488 619 3565 que
645 3463 725 3553 hic,
763 3481 831 3536 nec
854 3462 916 3538 alii
942 3464 1072 3542 Graeci
1108 3464 1292 3566 scriptores
1318 3484 1397 3542 enen

550 3580 621 3645 tum
648 3564 734 3641 belli
758 3558 1012 3666 confignarunt.
1063 3571 1170 3648 Certe
1188 3593 1259 3648 non
1281 3569 1325 3646 est
1340 3587 1397 3644 cre

1264 3670 1363 3749 dibile

1233 3908 1393 3932 nnn-u·

440 3965 447 3982 =
596 4015 651 4100 (a)
676 4017 773 4117 Mem.
794 4029 865 4102 pop.
891 4021 929 4084 Τ.
948 3991 993 4092 11.
1012 4037 1045 4109 p.
1065 4029 1141 4110 446.
1163 4042 1193 4092 et
1210 4041 1242 4113 p.
1264 4027 1333 4110 609.

595 4105 656 4187 (b)
678 4107 753 4168 tom.
770 4117 807 4187 p.
829 4109 905 4190 614.
