3000 4825
1292 148 1402 466 'l

427 542 431 557 '
535 562 621 663 mu
814 508 1025 641 nouus
1381 502 1385 509 ’

246 680 459 807 T?
477 710 532 784 bh
573 730 663 781 arma
692 696 900 807 fremebundi
938 718 1104 799 ruentes,
1143 698 1247 803 hostes
1272 706 1350 809 slus
1401 723 1403 776 l

316 838 398 907 95⁵*
473 806 660 911 grnuifflma
685 810 783 890 roem
797 803 1057 911 prostrarentur.
1132 814 1236 889 Haec
1266 810 1350 888 sulii·
1401 781 1403 902 i

476 919 553 995 neri
581 916 702 1014 polle,
728 914 929 1011 colligimus
954 939 976 989 e
1003 912 1229 1011 scriptoribus
1254 917 1351 995 etiarn
1401 909 1403 1034 l

352 1075 355 1081 ·
477 1022 639 1109 exteris,
678 1018 738 1120 qui
755 1070 781 1109 ‚⁴
815 1030 993 1095 cruentam
1036 1015 1138 1095 soille
1176 1018 1353 1096 Germanis
1402 1053 1404 1156 p

476 1122 666 1197 nistoriam
705 1142 829 1210 rnapno
871 1118 1035 1197 consensu
1081 1120 1232 1199 tradunt.
1310 1124 1355 1203 Et

474 1218 617 1301 sortasse
644 1226 732 1303 hren
760 1219 826 1300 suit
845 1225 908 1299 illa
932 1224 1039 1302 tertia
1061 1245 1136 1321 pars
1162 1228 1353 1320 exercitus,
1403 1253 1404 1304 ῐ

475 1330 573 1405 cuius
602 1332 718 1427 paullo
754 1328 831 1425 post
866 1350 918 1403 ex
946 1326 1127 1408 'lurotzio
1161 1330 1354 1417 memineri-

463 1454 560 1509 nnus.
615 1434 845 1525 Auouymuur
865 1430 1192 1527 enimpoltllrpadi
1208 1446 1353 1509 mortem
1404 1451 1405 1492 l

401 1562 405 1573 ·
473 1536 585 1615 suiuus
611 1550 833 1620 accuratum,
870 1548 1080 1623 terrerum,
1116 1533 1160 1609 ab
1187 1537 1356 1633 ilungan's
1404 1533 1405 1572 ³

473 1655 577 1715 extra
591 1638 748 1736 ¹patriam
776 1636 963 1732 gestarum,
989 1638 1099 1713 miurus
1123 1658 1279 1732 gnarum,
1301 1661 1355 1715 or·
1404 1647 1405 1722 l

475 1742 561 1819 dine
586 1744 812 1839 praepostero
839 1742 944 1815 multa
971 1762 1106 1815 narrare
1134 1758 1267 1815 certum
1292 1743 1353 1819 err.
1405 1751 1406 1774 ¹

472 1846 576 1921 Haec
602 1836 743 1945 quoque
771 1842 895 1940 partim
920 1840 979 1918 sub
1006 1844 1197 1934 Conrado,
1234 1846 1355 1941 partim

370 2018 374 2045 ,
468 1944 527 2021 sub
561 1952 698 2027 Ottone
720 1948 830 2042 =gella
866 1944 1062 2043 perhibet:
1100 1946 1278 2047 postquam
1313 1944 1355 2023 ab

470 2051 613 2132 ottonis
649 2050 801 2127 inimicis
838 2063 1012 2125 euocatos
1055 2051 1240 2147 Hungaros
1277 2050 1362 2129 scri-

470 2146 569 2250 psrt,
597 2178 670 2231 earn
688 2150 992 2251 expeditionem,
1022 2177 1123 2256 quam
1150 2175 1202 2229 ex
1229 2152 1356 2252 proba·

471 2256 515 2343 tis
551 2256 781 2357 scriptoribus
815 2254 994 2331 retulimus
1032 2256 1078 2335 ed
1113 2258 1160 2335 Α.
1187 2258 1228 2333 C.
1270 2276 1357 2360 937.

469 2360 560 2438 male
595 2363 678 2440 huic
712 2356 909 2440 immiscet:
943 2356 1052 2436 rursus
1086 2359 1121 2434 in
1156 2357 1229 2436 fine
1255 2360 1356 2439 huim

469 2459 708 2562 procurfionis
747 2465 794 2540 ad
831 2467 1000 2540 Ottonern
1034 2464 1159 2544 reditr
1194 2458 1357 2567 fusisque
1406 2420 1409 2590 i

468 2567 651 2646 mentione
684 2568 808 2644 caedis
840 2562 883 2640 ab
916 2567 1092 2667 ilungaris
1125 2567 1246 2642 illatae
1280 2568 1358 2644 cui·
1407 2609 1409 2644 ι

468 2667 547 2744 dam
573 2669 684 2766 magni
719 2667 868 2746 nominis
902 2668 1021 2760 duci,
1056 2693 1160 2772 quern
1193 2693 1259 2744 nos
1284 2694 1359 2748 rrae-
1407 2677 1409 2690 ²

341 2785 345 2794 '
467 2771 540 2848 rito
567 2772 764 2850 Conradurn
789 2773 1081 2870 interpretamur,
1105 2772 1219 2848 innuit
1243 2773 1280 2850 se
1299 2775 1360 2848 lo·

468 2874 600 2975 quide
636 2875 802 2974 praelio,
825 2873 938 2975 ‚quod
972 2877 1019 2952 ad
1055 2877 1239 2973 Augustam
1276 2899 1360 2954 cum

443 2978 602 3056 'ottone
628 2981 756 3076 gestum
783 2978 855 3059 est.
888 3001 967 3058 cum
994 3001 1068 3086 quo
1097 2977 1229 3060 nulluiu
1258 2982 1359 3056 Hun-

314 3129 319 3146 ·
442 3078 539 3178 funi
565 3081 691 3160 bellum
720 3081 766 3156 ad
793 3080 952 3157 Rhenum
967 3081 1132 3160 habuisse
1157 3083 1327 3181 leguntur
1345 3107 1370 3171 ς.

442 3177 631 3288 ‘adeoque
669 3185 822 3277 Rheno,
849 3207 951 3284 quem
986 3189 1203 3278 Anonymus·
1232 3184 1360 3278 habet,

466 3288 576 3364 Licus
603 3285 673 3364 elle
700 3281 922 3365 sufficiendus
940 3285 1096 3366 videtur.
1149 3291 1262 3392 Quum
1291 3289 1360 3386 igi·

465 3404 519 3468 tur
552 3392 588 3466 in
622 3393 697 3470 boc
724 3391 858 3489 praelio
898 3393 1014 3468 Lehel
1048 3406 1087 3470 et
1121 3391 1220 3468 Bulsu
1259 3391 1361 3489 capri

464 3487 548 3583 sunt,
567 3517 687 3572 eorum
695 3491 898 3592 supplicium
914 3495 1039 3570 iterum
1050 3498 1142 3570 male
1155 3496 1238 3572 huic
1254 3491 1361 3572 bello

463 3591 651 3696 praemisit.
723 3601 838 3702 Quare
869 3602 1030 3680 luxatum
1065 3597 1134 3676 esse
1168 3599 1230 3673 hic
1258 3598 1362 3675 ordi·

464 3723 541 3774 uem
571 3715 608 3777 et
632 3700 906 3799 chronologiam
932 3703 967 3778 in
997 3704 1225 3794 Anonymo,
1254 3697 1362 3802 quod

464 3802 517 3880 Cl.
543 3803 666 3883 Praius
692 3799 776 3885 alibi
804 3803 952 3904 probat,
979 3799 1033 3900 (a)
1060 3827 1132 3886 non
1159 3798 1360 3890 diffiteor,

815 3963 821 3974 ,
1270 3929 1359 4005 pro·

509 4213 564 4304 (a)
588 4215 662 4299 Diis.
685 4219 742 4284 lis.
764 4234 795 4303 p.
817 4239 871 4308 γε.
953 4279 957 4287 .
