<?xml version="1.0" encoding="UTF-8"?>
<!DOCTYPE html PUBLIC "-//W3C//DTD XHTML 1.0 Transitional//EN"
    "http://www.w3.org/TR/xhtml1/DTD/xhtml1-transitional.dtd">
<html xmlns="http://www.w3.org/1999/xhtml" xml:lang="en" lang="en">
 <head>
  <title>
</title>
<meta http-equiv="Content-Type" content="text/html;charset=utf-8" />
  <meta name='ocr-system' content='tesseract 3.04.00' />
  <meta name='ocr-capabilities' content='ocr_page ocr_carea ocr_par ocr_line ocrx_word'/>
</head>
<body>
  <div class='ocr_page' id='page_1' title='image "./historiacritica00katogoog_0717.png"; bbox 0 0 3000 4825; ppageno 0'>
   <div class='ocr_carea' id='block_1_1' title="bbox 287 518 1392 3962">
    <p class='ocr_par' dir='ltr' id='par_1_1' title="bbox 571 518 1158 676">
     <span class='ocr_line' id='line_1_1' title="bbox 571 518 1158 676; baseline -0.01 -39"><span class='ocrx_word' id='word_1_1' title='bbox 571 520 658 665; x_wconf 78' lang='lat'><strong>69‘2</strong></span> <span class='ocrx_word' id='word_1_2' title='bbox 789 518 1158 676; x_wconf 67' lang='lat' dir='ltr'>srppttAst</span> 
     </span>
    </p>

    <p class='ocr_par' dir='ltr' id='par_1_2' title="bbox 287 678 1392 3777">
     <span class='ocr_line' id='line_1_2' title="bbox 287 678 1392 819; baseline -0.006 -36"><span class='ocrx_word' id='word_1_3' title='bbox 287 705 493 819; x_wconf 50' lang='lat'>*²53³*</span> <span class='ocrx_word' id='word_1_4' title='bbox 513 722 594 793; x_wconf 68' lang='lat' dir='ltr'>tus,</span> <span class='ocrx_word' id='word_1_5' title='bbox 621 692 759 776; x_wconf 78' lang='lat' dir='ltr'>mature&#39;</span> <span class='ocrx_word' id='word_1_6' title='bbox 777 696 856 777; x_wconf 84' lang='lat' dir='ltr'>filio</span> <span class='ocrx_word' id='word_1_7' title='bbox 887 686 1121 799; x_wconf 83' lang='lat' dir='ltr'>principatum</span> <span class='ocrx_word' id='word_1_8' title='bbox 1138 678 1299 775; x_wconf 51' lang='lat' dir='ltr'>&#39;stabilire</span> <span class='ocrx_word' id='word_1_9' title='bbox 1324 710 1392 776; x_wconf 65' lang='lat' dir='ltr'>vot</span> 
     </span>
     <span class='ocr_line' id='line_1_3' title="bbox 352 796 1384 928; baseline -0.002 -46"><span class='ocrx_word' id='word_1_10' title='bbox 352 796 449 928; x_wconf 40' lang='grc' dir='ltr'>ἐπ’</span> <span class='ocrx_word' id='word_1_11' title='bbox 514 806 608 895; x_wconf 73' lang='lat' dir='ltr'>suit,</span> <span class='ocrx_word' id='word_1_12' title='bbox 635 824 678 880; x_wconf 88' lang='lat' dir='ltr'>ac</span> <span class='ocrx_word' id='word_1_13' title='bbox 694 820 818 903; x_wconf 85' lang='lat' dir='ltr'>,quum</span> <span class='ocrx_word' id='word_1_14' title='bbox 846 800 966 879; x_wconf 87' lang='lat' dir='ltr'>adhuc</span> <span class='ocrx_word' id='word_1_15' title='bbox 990 824 1104 891; x_wconf 75' lang='lat' dir='ltr'>rerum</span> <span class='ocrx_word' id='word_1_16' title='bbox 1132 812 1260 901; x_wconf 90' lang='lat' dir='ltr'>potens</span> <span class='ocrx_word' id='word_1_17' title='bbox 1287 801 1384 899; x_wconf 79' lang='lat' dir='ltr'>esset,</span> 
     </span>
     <span class='ocr_line' id='line_1_4' title="bbox 515 901 1388 1006; baseline -0.005 -21"><span class='ocrx_word' id='word_1_18' title='bbox 515 908 633 985; x_wconf 89' lang='lat' dir='ltr'>eidem</span> <span class='ocrx_word' id='word_1_19' title='bbox 665 906 886 983; x_wconf 88' lang='lat' dir='ltr'>iureiurando</span> <span class='ocrx_word' id='word_1_20' title='bbox 926 928 1091 1004; x_wconf 80' lang='lat' dir='ltr'>proceres</span> <span class='ocrx_word' id='word_1_21' title='bbox 1132 901 1322 1006; x_wconf 67' lang='lat' dir='ltr'>obstrinxit</span> <span class='ocrx_word' id='word_1_22' title='bbox 1349 906 1388 981; x_wconf 83' lang='grc' dir='ltr'>Α.</span> 
     </span>
     <span class='ocr_line' id='line_1_5' title="bbox 513 996 1389 1109; baseline -0.008 -20"><span class='ocrx_word' id='word_1_23' title='bbox 513 996 569 1089; x_wconf 56' lang='lat' dir='ltr'>Cs</span> <span class='ocrx_word' id='word_1_24' title='bbox 584 1028 670 1109; x_wconf 80' lang='grc'>993.</span> <span class='ocrx_word' id='word_1_25' title='bbox 761 1012 842 1087; x_wconf 88' lang='lat' dir='ltr'>Nec</span> <span class='ocrx_word' id='word_1_26' title='bbox 866 1022 997 1084; x_wconf 88' lang='lat' dir='ltr'>temere</span> <span class='ocrx_word' id='word_1_27' title='bbox 1027 1010 1120 1083; x_wconf 89' lang='lat' dir='ltr'>hunc</span> <span class='ocrx_word' id='word_1_28' title='bbox 1145 1028 1298 1098; x_wconf 77' lang='lat' dir='ltr'>annum,</span> <span class='ocrx_word' id='word_1_29' title='bbox 1324 1033 1389 1108; x_wconf 92' lang='lat' dir='ltr'>quo</span> 
     </span>
     <span class='ocr_line' id='line_1_6' title="bbox 514 1106 1390 1211; baseline -0.002 -22"><span class='ocrx_word' id='word_1_30' title='bbox 514 1112 627 1189; x_wconf 86' lang='lat' dir='ltr'>filium</span> <span class='ocrx_word' id='word_1_31' title='bbox 654 1122 751 1211; x_wconf 89' lang='lat' dir='ltr'>pater</span> <span class='ocrx_word' id='word_1_32' title='bbox 773 1110 811 1185; x_wconf 93' lang='lat' dir='ltr'>in</span> <span class='ocrx_word' id='word_1_33' title='bbox 833 1109 1061 1209; x_wconf 79' lang='lat' dir='ltr'>principatum</span> <span class='ocrx_word' id='word_1_34' title='bbox 1089 1106 1299 1198; x_wconf 85' lang='lat' dir='ltr'>adsciuerit‚</span> <span class='ocrx_word' id='word_1_35' title='bbox 1326 1113 1390 1190; x_wconf 87' lang='lat' dir='ltr'>ele·</span> 
     </span>
     <span class='ocr_line' id='line_1_7' title="bbox 440 1208 1387 1317; baseline -0.003 -28"><span class='ocrx_word' id='word_1_36' title='bbox 440 1234 458 1301; x_wconf 58' lang='lat' dir='ltr'><em>J</em></span> <span class='ocrx_word' id='word_1_37' title='bbox 511 1213 646 1315; x_wconf 78' lang='lat' dir='ltr'>gimus3</span> <span class='ocrx_word' id='word_1_38' title='bbox 672 1236 747 1288; x_wconf 90' lang='lat' dir='ltr'>nam</span> <span class='ocrx_word' id='word_1_39' title='bbox 775 1212 983 1289; x_wconf 82' lang='lat' dir='ltr'>carthuitius</span> <span class='ocrx_word' id='word_1_40' title='bbox 1009 1212 1172 1317; x_wconf 79' lang='lat' dir='ltr'>quidem,</span> <span class='ocrx_word' id='word_1_41' title='bbox 1203 1210 1243 1287; x_wconf 94' lang='lat' dir='ltr'>id</span> <span class='ocrx_word' id='word_1_42' title='bbox 1266 1208 1387 1287; x_wconf 74' lang='lat' dir='ltr'>sactum</span> 
     </span>
     <span class='ocr_line' id='line_1_8' title="bbox 512 1314 1389 1416; baseline -0.006 -24"><span class='ocrx_word' id='word_1_43' title='bbox 512 1316 607 1409; x_wconf 72' lang='lat' dir='ltr'>elle.</span> <span class='ocrx_word' id='word_1_44' title='bbox 623 1316 757 1405; x_wconf 87' lang='lat' dir='ltr'>docet,</span> <span class='ocrx_word' id='word_1_45' title='bbox 778 1315 831 1413; x_wconf 87' lang='lat' dir='ltr'>(a)</span> <span class='ocrx_word' id='word_1_46' title='bbox 858 1314 1034 1416; x_wconf 83' lang='lat' dir='ltr'>postquam</span> <span class='ocrx_word' id='word_1_47' title='bbox 1055 1314 1266 1412; x_wconf 80' lang='lat' dir='ltr'>Stephanus,</span> <span class='ocrx_word' id='word_1_48' title='bbox 1284 1326 1389 1389; x_wconf 83' lang='lat' dir='ltr'>trans·</span> 
     </span>
     <span class='ocr_line' id='line_1_9' title="bbox 512 1412 1389 1517; baseline -0.005 -25"><span class='ocrx_word' id='word_1_49' title='bbox 512 1412 586 1493; x_wconf 79' lang='lat' dir='ltr'>ossa</span> <span class='ocrx_word' id='word_1_50' title='bbox 621 1416 786 1515; x_wconf 82' lang='lat' dir='ltr'>pueritia,</span> <span class='ocrx_word' id='word_1_51' title='bbox 823 1416 961 1517; x_wconf 81' lang='lat' dir='ltr'>gradum</span> <span class='ocrx_word' id='word_1_52' title='bbox 994 1416 1226 1517; x_wconf 82' lang='lat' dir='ltr'>adolescentiae</span> <span class='ocrx_word' id='word_1_53' title='bbox 1258 1425 1389 1517; x_wconf 81' lang='lat' dir='ltr'>primunt</span> 
     </span>
     <span class='ocr_line' id='line_1_10' title="bbox 358 1516 1390 1621; baseline -0.001 -25"><span class='ocrx_word' id='word_1_54' title='bbox 358 1580 363 1596; x_wconf 89' lang='lat'><strong>.</strong></span> <span class='ocrx_word' id='word_1_55' title='bbox 513 1520 679 1621; x_wconf 72' lang='lat' dir='ltr'>ascendat,-</span> <span class='ocrx_word' id='word_1_56' title='bbox 709 1519 794 1595; x_wconf 87' lang='lat' dir='ltr'>alias</span> <span class='ocrx_word' id='word_1_57' title='bbox 810 1532 928 1595; x_wconf 80' lang='lat' dir='ltr'>autem</span> <span class='ocrx_word' id='word_1_58' title='bbox 956 1520 1025 1595; x_wconf 87' lang='lat' dir='ltr'>iam</span> <span class='ocrx_word' id='word_1_59' title='bbox 1051 1516 1290 1611; x_wconf 72' lang='lat' dir='ltr'>ostendimus,</span> <span class='ocrx_word' id='word_1_60' title='bbox 1319 1518 1390 1595; x_wconf 85' lang='lat' dir='ltr'>Ste-</span> 
     </span>
     <span class='ocr_line' id='line_1_11' title="bbox 513 1614 1388 1724; baseline 0 -27"><span class='ocrx_word' id='word_1_61' title='bbox 513 1626 660 1724; x_wconf 88' lang='lat' dir='ltr'>phanum</span> <span class='ocrx_word' id='word_1_62' title='bbox 681 1622 716 1697; x_wconf 89' lang='lat' dir='ltr'>in</span> <span class='ocrx_word' id='word_1_63' title='bbox 740 1622 857 1699; x_wconf 88' lang='lat' dir='ltr'>lucem</span> <span class='ocrx_word' id='word_1_64' title='bbox 887 1614 1016 1699; x_wconf 88' lang='lat' dir='ltr'>editum</span> <span class='ocrx_word' id='word_1_65' title='bbox 1047 1626 1091 1705; x_wconf 86' lang='lat' dir='ltr'>A.</span> <span class='ocrx_word' id='word_1_66' title='bbox 1115 1624 1155 1699; x_wconf 90' lang='lat' dir='ltr'>C.</span> <span class='ocrx_word' id='word_1_67' title='bbox 1180 1634 1267 1723; x_wconf 73' lang='lat'><strong>979.</strong></span> <span class='ocrx_word' id='word_1_68' title='bbox 1294 1644 1388 1723; x_wconf 88' lang='lat' dir='ltr'>quar·</span> 
     </span>
     <span class='ocr_line' id='line_1_12' title="bbox 512 1722 1389 1827; baseline 0 -26"><span class='ocrx_word' id='word_1_69' title='bbox 512 1738 585 1803; x_wconf 86' lang='lat' dir='ltr'>tum</span> <span class='ocrx_word' id='word_1_70' title='bbox 604 1724 776 1801; x_wconf 82' lang='lat' dir='ltr'>decimum</span> <span class='ocrx_word' id='word_1_71' title='bbox 795 1725 917 1800; x_wconf 85' lang='lat' dir='ltr'>aetatis</span> <span class='ocrx_word' id='word_1_72' title='bbox 941 1748 1087 1821; x_wconf 84' lang='lat' dir='ltr'>annum,</span> <span class='ocrx_word' id='word_1_73' title='bbox 1118 1722 1281 1827; x_wconf 87' lang='lat' dir='ltr'>adeoque</span> <span class='ocrx_word' id='word_1_74' title='bbox 1312 1750 1389 1824; x_wconf 82' lang='lat' dir='ltr'>pue·</span> 
     </span>
     <span class='ocr_line' id='line_1_13' title="bbox 510 1824 1390 1926; baseline -0.007 -19"><span class='ocrx_word' id='word_1_75' title='bbox 510 1828 625 1909; x_wconf 77' lang='lat' dir='ltr'>titiam</span> <span class='ocrx_word' id='word_1_76' title='bbox 654 1824 851 1923; x_wconf 81' lang='lat' dir='ltr'>transegisse</span> <span class='ocrx_word' id='word_1_77' title='bbox 875 1829 921 1903; x_wconf 80' lang='lat' dir='ltr'>A.</span> <span class='ocrx_word' id='word_1_78' title='bbox 943 1831 983 1904; x_wconf 87' lang='lat' dir='ltr'>C.</span> <span class='ocrx_word' id='word_1_79' title='bbox 1012 1846 1099 1923; x_wconf 81' lang='lat'><strong>992.</strong></span> <span class='ocrx_word' id='word_1_80' title='bbox 1125 1827 1271 1921; x_wconf 85' lang='lat' dir='ltr'>gradum</span> <span class='ocrx_word' id='word_1_81' title='bbox 1293 1828 1390 1926; x_wconf 76' lang='lat' dir='ltr'>igitur</span> 
     </span>
     <span class='ocr_line' id='line_1_14' title="bbox 513 1928 1388 2030; baseline -0.007 -21"><span class='ocrx_word' id='word_1_82' title='bbox 513 1929 774 2009; x_wconf 84' lang='lat' dir='ltr'>adolescentiae</span> <span class='ocrx_word' id='word_1_83' title='bbox 803 1928 944 2029; x_wconf 88' lang='lat' dir='ltr'>primum</span> <span class='ocrx_word' id='word_1_84' title='bbox 975 1929 1132 2006; x_wconf 83' lang='lat' dir='ltr'>ascendit</span> <span class='ocrx_word' id='word_1_85' title='bbox 1162 1934 1208 2006; x_wconf 81' lang='lat' dir='ltr'>A.</span> <span class='ocrx_word' id='word_1_86' title='bbox 1233 1932 1286 2007; x_wconf 83' lang='lat' dir='ltr'>C.</span> <span class='ocrx_word' id='word_1_87' title='bbox 1308 1953 1388 2030; x_wconf 78' lang='lat'><strong>993.</strong></span> 
     </span>
     <span class='ocr_line' id='line_1_15' title="bbox 515 2028 1388 2135; baseline 0 -27"><span class='ocrx_word' id='word_1_88' title='bbox 515 2035 613 2111; x_wconf 84' lang='lat' dir='ltr'>Hinc</span> <span class='ocrx_word' id='word_1_89' title='bbox 638 2054 731 2109; x_wconf 86' lang='lat' dir='ltr'>vero</span> <span class='ocrx_word' id='word_1_90' title='bbox 757 2032 925 2108; x_wconf 88' lang='lat' dir='ltr'>numerati</span> <span class='ocrx_word' id='word_1_91' title='bbox 951 2030 1015 2123; x_wconf 87' lang='lat'>46.</span> <span class='ocrx_word' id='word_1_92' title='bbox 1040 2031 1139 2115; x_wconf 86' lang='lat' dir='ltr'>anni,</span> <span class='ocrx_word' id='word_1_93' title='bbox 1166 2028 1312 2135; x_wconf 86' lang='lat' dir='ltr'>quibus,</span> <span class='ocrx_word' id='word_1_94' title='bbox 1342 2048 1388 2108; x_wconf 87' lang='lat' dir='ltr'>te·</span> 
     </span>
     <span class='ocr_line' id='line_1_16' title="bbox 513 2132 1388 2237; baseline -0.002 -26"><span class='ocrx_word' id='word_1_95' title='bbox 513 2138 564 2212; x_wconf 87' lang='lat' dir='ltr'>ste</span> <span class='ocrx_word' id='word_1_96' title='bbox 581 2134 786 2223; x_wconf 82' lang='lat' dir='ltr'>Turotzio‚</span> <span class='ocrx_word' id='word_1_97' title='bbox 815 2132 871 2234; x_wconf 88' lang='lat' dir='ltr'>(b)</span> <span class='ocrx_word' id='word_1_98' title='bbox 900 2134 1036 2237; x_wconf 88' lang='lat' dir='ltr'>quidam</span> <span class='ocrx_word' id='word_1_99' title='bbox 1052 2136 1084 2212; x_wconf 91' lang='lat' dir='ltr'>S.</span> <span class='ocrx_word' id='word_1_100' title='bbox 1113 2134 1281 2236; x_wconf 83' lang='lat' dir='ltr'>Stephani</span> <span class='ocrx_word' id='word_1_101' title='bbox 1303 2135 1388 2233; x_wconf 85' lang='lat' dir='ltr'>ptin-</span> 
     </span>
     <span class='ocr_line' id='line_1_17' title="bbox 514 2235 1389 2337; baseline -0.002 -24"><span class='ocrx_word' id='word_1_102' title='bbox 514 2239 667 2337; x_wconf 87' lang='lat' dir='ltr'>cipatum</span> <span class='ocrx_word' id='word_1_103' title='bbox 692 2235 854 2319; x_wconf 78' lang='lat' dir='ltr'>uniuerse</span> <span class='ocrx_word' id='word_1_104' title='bbox 875 2237 1179 2329; x_wconf 70' lang='lat' dir='ltr'>circumscribunt,</span> <span class='ocrx_word' id='word_1_105' title='bbox 1212 2237 1389 2323; x_wconf 89' lang='lat' dir='ltr'>deducunt</span> 
     </span>
     <span class='ocr_line' id='line_1_18' title="bbox 514 2338 1387 2435; baseline -0.002 -17"><span class='ocrx_word' id='word_1_106' title='bbox 514 2360 580 2418; x_wconf 87' lang='lat' dir='ltr'>nos</span> <span class='ocrx_word' id='word_1_107' title='bbox 606 2338 651 2415; x_wconf 87' lang='lat' dir='ltr'>ad</span> <span class='ocrx_word' id='word_1_108' title='bbox 677 2340 902 2416; x_wconf 83' lang='lat' dir='ltr'>emortualem</span> <span class='ocrx_word' id='word_1_109' title='bbox 930 2338 1083 2417; x_wconf 85' lang='lat' dir='ltr'>eiusdem</span> <span class='ocrx_word' id='word_1_110' title='bbox 1116 2362 1244 2416; x_wconf 85' lang='lat' dir='ltr'>annum</span> <span class='ocrx_word' id='word_1_111' title='bbox 1284 2348 1387 2435; x_wconf 81' lang='lat'><strong>1038.</strong></span> 
     </span>
     <span class='ocr_line' id='line_1_19' title="bbox 515 2438 1388 2542; baseline -0.005 -23"><span class='ocrx_word' id='word_1_112' title='bbox 515 2443 646 2534; x_wconf 82' lang='lat' dir='ltr'>Gella,</span> <span class='ocrx_word' id='word_1_113' title='bbox 688 2442 839 2518; x_wconf 83' lang='lat' dir='ltr'>nexibus</span> <span class='ocrx_word' id='word_1_114' title='bbox 876 2445 978 2518; x_wconf 83' lang='lat' dir='ltr'>etiam</span> <span class='ocrx_word' id='word_1_115' title='bbox 1009 2438 1188 2520; x_wconf 84' lang='lat' dir='ltr'>affinitatis</span> <span class='ocrx_word' id='word_1_116' title='bbox 1214 2443 1388 2542; x_wconf 85' lang='lat' dir='ltr'>Stephano</span> 
     </span>
     <span class='ocr_line' id='line_1_20' title="bbox 512 2543 1388 2636; baseline -0.002 -13"><span class='ocrx_word' id='word_1_117' title='bbox 512 2546 635 2623; x_wconf 87' lang='lat' dir='ltr'>solium</span> <span class='ocrx_word' id='word_1_118' title='bbox 662 2543 875 2636; x_wconf 71' lang='lat' dir='ltr'>firmaturus.</span> <span class='ocrx_word' id='word_1_119' title='bbox 896 2546 1068 2633; x_wconf 83' lang='lat' dir='ltr'>Gitelan.</span> <span class='ocrx_word' id='word_1_120' title='bbox 1099 2545 1241 2623; x_wconf 71' lang='lat' dir='ltr'>hienrici</span> <span class='ocrx_word' id='word_1_121' title='bbox 1254 2551 1307 2623; x_wconf 88' lang='grc' dir='ltr'>ΙΙ.</span> <span class='ocrx_word' id='word_1_122' title='bbox 1335 2547 1388 2622; x_wconf 90' lang='lat' dir='ltr'>Ba·</span> 
     </span>
     <span class='ocr_line' id='line_1_21' title="bbox 514 2646 1388 2746; baseline -0.002 -24"><span class='ocrx_word' id='word_1_123' title='bbox 514 2649 631 2722; x_wconf 85' lang='lat' dir='ltr'>uariae</span> <span class='ocrx_word' id='word_1_124' title='bbox 650 2647 779 2734; x_wconf 62' lang='lat' dir='ltr'>ducis.</span> <span class='ocrx_word' id='word_1_125' title='bbox 796 2646 930 2736; x_wconf 71' lang='lat' dir='ltr'>liliam,</span> <span class='ocrx_word' id='word_1_126' title='bbox 945 2649 1087 2725; x_wconf 85' lang='lat' dir='ltr'>Ottonis</span> <span class='ocrx_word' id='word_1_127' title='bbox 1104 2651 1173 2726; x_wconf 82' lang='grc' dir='ltr'><strong>[ΙΙ.</strong></span> <span class='ocrx_word' id='word_1_128' title='bbox 1189 2661 1388 2746; x_wconf 81' lang='lat' dir='ltr'>cognatam,</span> 
     </span>
     <span class='ocr_line' id='line_1_22' title="bbox 513 2747 1388 2854; baseline 0.001 -30"><span class='ocrx_word' id='word_1_129' title='bbox 513 2748 665 2848; x_wconf 82' lang='lat' dir='ltr'>sponsam</span> <span class='ocrx_word' id='word_1_130' title='bbox 689 2749 723 2823; x_wconf 89' lang='lat' dir='ltr'>ei</span> <span class='ocrx_word' id='word_1_131' title='bbox 739 2747 942 2845; x_wconf 77' lang='lat' dir='ltr'>destinauit3</span> <span class='ocrx_word' id='word_1_132' title='bbox 960 2775 1058 2854; x_wconf 89' lang='lat' dir='ltr'>quam</span> <span class='ocrx_word' id='word_1_133' title='bbox 1075 2761 1274 2842; x_wconf 85' lang='lat' dir='ltr'>tamennon</span> <span class='ocrx_word' id='word_1_134' title='bbox 1307 2751 1388 2848; x_wconf 83' lang='lat' dir='ltr'>prius</span> 
     </span>
     <span class='ocr_line' id='line_1_23' title="bbox 513 2849 1390 2952; baseline 0.001 -26"><span class='ocrx_word' id='word_1_135' title='bbox 513 2849 726 2949; x_wconf 77' lang='lat' dir='ltr'>impetrauit,</span> <span class='ocrx_word' id='word_1_136' title='bbox 755 2872 851 2952; x_wconf 85' lang='lat' dir='ltr'>quam</span> <span class='ocrx_word' id='word_1_137' title='bbox 878 2851 915 2928; x_wconf 89' lang='lat' dir='ltr'>S.</span> <span class='ocrx_word' id='word_1_138' title='bbox 935 2851 1162 2936; x_wconf 79' lang='lat' dir='ltr'>Adatberuu,</span> <span class='ocrx_word' id='word_1_139' title='bbox 1190 2854 1307 2930; x_wconf 82' lang='lat' dir='ltr'>Roma</span> <span class='ocrx_word' id='word_1_140' title='bbox 1334 2871 1390 2950; x_wconf 85' lang='lat' dir='ltr'>per</span> 
     </span>
     <span class='ocr_line' id='line_1_24' title="bbox 515 2952 1389 3050; baseline -0.002 -20"><span class='ocrx_word' id='word_1_141' title='bbox 515 2953 728 3050; x_wconf 81' lang='lat' dir='ltr'>Hunguriam</span> <span class='ocrx_word' id='word_1_142' title='bbox 749 2952 796 3027; x_wconf 93' lang='lat' dir='ltr'>ad</span> <span class='ocrx_word' id='word_1_143' title='bbox 823 2953 900 3028; x_wconf 81' lang='lat' dir='ltr'>suos</span> <span class='ocrx_word' id='word_1_144' title='bbox 920 2956 1096 3032; x_wconf 87' lang='lat' dir='ltr'>Bohemos</span> <span class='ocrx_word' id='word_1_145' title='bbox 1114 2955 1289 3038; x_wconf 78' lang='lat' dir='ltr'>reuersus,</span> <span class='ocrx_word' id='word_1_146' title='bbox 1318 2979 1389 3030; x_wconf 88' lang='lat' dir='ltr'>enm</span> 
     </span>
     <span class='ocr_line' id='line_1_25' title="bbox 515 3053 1391 3158; baseline 0.005 -30"><span class='ocrx_word' id='word_1_147' title='bbox 515 3055 682 3131; x_wconf 81' lang='lat' dir='ltr'>chrismali</span> <span class='ocrx_word' id='word_1_148' title='bbox 723 3055 936 3155; x_wconf 75' lang='lat' dir='ltr'>baptismate,</span> <span class='ocrx_word' id='word_1_149' title='bbox 971 3053 1154 3158; x_wconf 80' lang='lat' dir='ltr'>secandum</span> <span class='ocrx_word' id='word_1_150' title='bbox 1188 3059 1391 3132; x_wconf 73' lang='lat' dir='ltr'>credulitatis</span> 
     </span>
     <span class='ocr_line' id='line_1_26' title="bbox 504 3151 1390 3262; baseline 0.006 -31"><span class='ocrx_word' id='word_1_151' title='bbox 504 3155 591 3262; x_wconf 79' lang='lat' dir='ltr'>sune</span> <span class='ocrx_word' id='word_1_152' title='bbox 632 3160 830 3242; x_wconf 73' lang='lat' dir='ltr'>animumn,</span> <span class='ocrx_word' id='word_1_153' title='bbox 856 3151 1037 3262; x_wconf 77' lang='lat' dir='ltr'>intinxisset</span> <span class='ocrx_word' id='word_1_154' title='bbox 1067 3164 1112 3240; x_wconf 87' lang='grc' dir='ltr'>Α.</span> <span class='ocrx_word' id='word_1_155' title='bbox 1135 3165 1174 3243; x_wconf 87' lang='lat' dir='ltr'>C.</span> <span class='ocrx_word' id='word_1_156' title='bbox 1197 3177 1286 3258; x_wconf 87' lang='lat'><strong>994.</strong></span> <span class='ocrx_word' id='word_1_157' title='bbox 1341 3165 1390 3238; x_wconf 83' lang='lat' dir='ltr'>Its</span> 
     </span>
     <span class='ocr_line' id='line_1_27' title="bbox 515 3261 1391 3363; baseline 0.002 -27"><span class='ocrx_word' id='word_1_158' title='bbox 515 3261 697 3361; x_wconf 86' lang='lat' dir='ltr'>Stephano</span> <span class='ocrx_word' id='word_1_159' title='bbox 717 3283 785 3337; x_wconf 89' lang='lat' dir='ltr'>nec</span> <span class='ocrx_word' id='word_1_160' title='bbox 809 3277 926 3354; x_wconf 77' lang='lat' dir='ltr'>aetas,</span> <span class='ocrx_word' id='word_1_161' title='bbox 939 3271 1022 3342; x_wconf 90' lang='lat' dir='ltr'>&#39;nec</span> <span class='ocrx_word' id='word_1_162' title='bbox 1053 3265 1182 3363; x_wconf 82' lang='lat' dir='ltr'>religio</span> <span class='ocrx_word' id='word_1_163' title='bbox 1200 3263 1266 3338; x_wconf 87' lang='lat' dir='ltr'>iam</span> <span class='ocrx_word' id='word_1_164' title='bbox 1287 3262 1391 3340; x_wconf 80' lang='lat' dir='ltr'>obsti·</span> 
     </span>
     <span class='ocr_line' id='line_1_28' title="bbox 404 3361 1391 3468; baseline -0.002 -28"><span class='ocrx_word' id='word_1_165' title='bbox 404 3404 411 3440; x_wconf 76' lang='grc' dir='ltr'>ι</span> <span class='ocrx_word' id='word_1_166' title='bbox 512 3362 579 3456; x_wconf 81' lang='lat' dir='ltr'>tit,</span> <span class='ocrx_word' id='word_1_167' title='bbox 607 3387 679 3468; x_wconf 91' lang='lat' dir='ltr'>quo</span> <span class='ocrx_word' id='word_1_168' title='bbox 704 3363 816 3439; x_wconf 86' lang='lat' dir='ltr'>minus</span> <span class='ocrx_word' id='word_1_169' title='bbox 839 3377 876 3452; x_wconf 87' lang='lat' dir='ltr'>et</span> <span class='ocrx_word' id='word_1_170' title='bbox 900 3363 967 3440; x_wconf 88' lang='lat' dir='ltr'>iam</span> <span class='ocrx_word' id='word_1_171' title='bbox 987 3367 1083 3445; x_wconf 87' lang='lat' dir='ltr'>sacro</span> <span class='ocrx_word' id='word_1_172' title='bbox 1103 3361 1391 3458; x_wconf 76' lang='lat' dir='ltr'>fontelustratus,</span> 
     </span>
     <span class='ocr_line' id='line_1_29' title="bbox 511 3465 1391 3566; baseline 0.002 -24"><span class='ocrx_word' id='word_1_173' title='bbox 511 3480 552 3542; x_wconf 81' lang='lat' dir='ltr'>et</span> <span class='ocrx_word' id='word_1_174' title='bbox 572 3465 821 3566; x_wconf 85' lang='lat' dir='ltr'>septemdecim</span> <span class='ocrx_word' id='word_1_175' title='bbox 848 3491 956 3544; x_wconf 88' lang='lat' dir='ltr'>annos</span> <span class='ocrx_word' id='word_1_176' title='bbox 974 3483 1095 3564; x_wconf 76' lang='lat' dir='ltr'>natus,</span> <span class='ocrx_word' id='word_1_177' title='bbox 1127 3469 1162 3546; x_wconf 94' lang='lat' dir='ltr'>in</span> <span class='ocrx_word' id='word_1_178' title='bbox 1187 3490 1305 3544; x_wconf 84' lang='lat' dir='ltr'>manus</span> <span class='ocrx_word' id='word_1_179' title='bbox 1329 3471 1391 3544; x_wconf 91' lang='lat' dir='ltr'>Gi·</span> 
     </span>
     <span class='ocr_line' id='line_1_30' title="bbox 512 3569 1391 3674; baseline 0.001 -29"><span class='ocrx_word' id='word_1_180' title='bbox 512 3569 605 3647; x_wconf 87' lang='lat' dir='ltr'>selae</span> <span class='ocrx_word' id='word_1_181' title='bbox 626 3571 834 3648; x_wconf 88' lang='lat' dir='ltr'>conueniret</span> <span class='ocrx_word' id='word_1_182' title='bbox 861 3570 906 3649; x_wconf 83' lang='lat' dir='ltr'>A.</span> <span class='ocrx_word' id='word_1_183' title='bbox 922 3573 962 3648; x_wconf 89' lang='lat' dir='ltr'>C.</span> <span class='ocrx_word' id='word_1_184' title='bbox 992 3587 1079 3674; x_wconf 79' lang='lat'><strong>995.</strong></span> <span class='ocrx_word' id='word_1_185' title='bbox 1108 3571 1176 3650; x_wconf 86' lang='lat' dir='ltr'>His</span> <span class='ocrx_word' id='word_1_186' title='bbox 1199 3569 1304 3649; x_wconf 85' lang='lat' dir='ltr'>rebus</span> <span class='ocrx_word' id='word_1_187' title='bbox 1336 3569 1391 3658; x_wconf 61' lang='lat' dir='ltr'>sir,-</span> 
     </span>
     <span class='ocr_line' id='line_1_31' title="bbox 513 3672 1390 3777; baseline 0.002 -29"><span class='ocrx_word' id='word_1_188' title='bbox 513 3689 641 3750; x_wconf 82' lang='lat' dir='ltr'>matum</span> <span class='ocrx_word' id='word_1_189' title='bbox 667 3699 687 3749; x_wconf 91' lang='lat' dir='ltr'>a</span> <span class='ocrx_word' id='word_1_190' title='bbox 714 3685 811 3770; x_wconf 83' lang='lat' dir='ltr'>patre</span> <span class='ocrx_word' id='word_1_191' title='bbox 833 3672 956 3748; x_wconf 89' lang='lat' dir='ltr'>solium</span> <span class='ocrx_word' id='word_1_192' title='bbox 988 3679 1180 3777; x_wconf 79' lang='lat' dir='ltr'>Stephanus</span> <span class='ocrx_word' id='word_1_193' title='bbox 1217 3676 1290 3750; x_wconf 88' lang='lat' dir='ltr'>hoc</span> <span class='ocrx_word' id='word_1_194' title='bbox 1334 3699 1390 3750; x_wconf 82' lang='lat' dir='ltr'>au·</span> 
     </span>
    </p>

    <p class='ocr_par' dir='ltr' id='par_1_3' title="bbox 511 3775 1387 3962">
     <span class='ocr_line' id='line_1_32' title="bbox 511 3775 1043 3880; baseline 0.013 -30"><span class='ocrx_word' id='word_1_195' title='bbox 511 3797 562 3850; x_wconf 89' lang='lat' dir='ltr'>no</span> <span class='ocrx_word' id='word_1_196' title='bbox 579 3781 687 3880; x_wconf 90' lang='lat' dir='ltr'>pleno</span> <span class='ocrx_word' id='word_1_197' title='bbox 718 3775 805 3853; x_wconf 90' lang='lat' dir='ltr'>iure·</span> <span class='ocrx_word' id='word_1_198' title='bbox 824 3775 1043 3860; x_wconf 83' lang='lat' dir='ltr'>conscendit.</span> 
     </span>
     <span class='ocr_line' id='line_1_33' title="bbox 1127 3879 1387 3962; baseline 0.027 -7"><span class='ocrx_word' id='word_1_199' title='bbox 1127 3879 1339 3962; x_wconf 70' lang='lat' dir='ltr'>ccxcvii.</span> <span class='ocrx_word' id='word_1_200' title='bbox 1384 3891 1387 3898; x_wconf 83' lang='lat'>&#39;</span> 
     </span>
    </p>
   </div>
   <div class='ocr_carea' id='block_1_2' title="bbox 552 4085 1226 4283">
    <p class='ocr_par' dir='ltr' id='par_1_4' title="bbox 552 4085 1226 4283">
     <span class='ocr_line' id='line_1_34' title="bbox 553 4085 1186 4203; baseline 0.009 -30"><span class='ocrx_word' id='word_1_201' title='bbox 553 4111 972 4203; x_wconf 72' lang='lat' dir='ltr'>(a)rm.nm2·.p.12.</span> <span class='ocrx_word' id='word_1_202' title='bbox 1069 4085 1072 4092; x_wconf 71' lang='grc'><strong>’</strong></span> <span class='ocrx_word' id='word_1_203' title='bbox 1182 4108 1186 4124; x_wconf 85' lang='grc'><em>·</em></span> 
     </span>
     <span class='ocr_line' id='line_1_35' title="bbox 552 4199 1226 4283; baseline 0.004 -18"><span class='ocrx_word' id='word_1_204' title='bbox 552 4199 612 4283; x_wconf 84' lang='lat' dir='ltr'>(b)</span> <span class='ocrx_word' id='word_1_205' title='bbox 636 4202 746 4268; x_wconf 71' lang='lat' dir='ltr'>(huon.</span> <span class='ocrx_word' id='word_1_206' title='bbox 768 4205 802 4268; x_wconf 85' lang='lat' dir='ltr'>P.</span> <span class='ocrx_word' id='word_1_207' title='bbox 825 4207 867 4270; x_wconf 79' lang='lat' dir='ltr'>ss.</span> <span class='ocrx_word' id='word_1_208' title='bbox 892 4209 925 4272; x_wconf 72' lang='lat' dir='ltr'>C.</span> <span class='ocrx_word' id='word_1_209' title='bbox 976 4205 1101 4275; x_wconf 79' lang='lat' dir='ltr'><strong>XXW.</strong></span> <span class='ocrx_word' id='word_1_210' title='bbox 1223 4273 1226 4278; x_wconf 86' lang='lat'><strong>.</strong></span> 
     </span>
    </p>
   </div>
   <div class='ocr_carea' id='block_1_3' title="bbox 1340 4332 1367 4386">
    <p class='ocr_par' dir='ltr' id='par_1_5' title="bbox 1340 4332 1367 4386">
     <span class='ocr_line' id='line_1_36' title="bbox 1340 4332 1367 4386; baseline 0 -46"><span class='ocrx_word' id='word_1_211' title='bbox 1340 4332 1367 4386; x_wconf 60' lang='lat'><em>7</em></span> 
     </span>
    </p>
   </div>
   <div class='ocr_carea' id='block_1_4' title="bbox 0 0 1504 4825">
    <p class='ocr_par' dir='ltr' id='par_1_6' title="bbox 0 0 1504 4825">
     <span class='ocr_line' id='line_1_37' title="bbox 0 0 1504 4825; baseline 0 1"><span class='ocrx_word' id='word_1_212' title='bbox 0 0 1504 4825; x_wconf 95' lang='lat' dir='ltr'> </span> 
     </span>
    </p>
   </div>
  </div>
 </body>
</html>
