3000 4825
466 373 600 555 DVis
620 441 711 580 ‚Vb
872 486 957 585 741

125 628 203 721 ses,
229 618 439 730 exscripfirr.
477 622 699 707 Incboiients
723 618 851 699 decern
877 618 1014 719 episco·
1037 593 1251 721 Τ

126 746 247 835 patus,
276 734 428 810 totidem
454 728 672 819 Turotrius,
698 723 825 806 decern
856 736 914 801 aut
942 748 1012 803 vn·
1092 753 1187 811 rouo.

124 836 239 915 decim
268 834 471 935 Stiltiugus,
498 833 539 917 S.
567 832 747 931 Stephano
774 825 909 905 tribuit.
965 828 1015 909 Et

121 942 182 1020 hic
206 937 376 1043 quidem,
403 957 492 1042 quos
519 934 721 1012 nominatim
747 930 790 1017 S,
816 930 1012 1031 Stephanus

121 1041 329 1135 instituerit,
355 1066 427 1119 non
448 1036 596 1135 desiuit3
623 1034 815 1117 Turotzius
843 1034 1010 1113 Vatzien·

120 1145 212 1237 sern,
242 1142 530 1236 Varrdinensem,
558 1137 803 1221 Sirmieusem.
837 1160 927 1243 quos
952 1140 1010 1217 lu·
1151 1144 1156 1157 '

120 1243 304 1324 cbofferus
338 1249 520 1338 recenset,
558 1241 716 1334 omittit,
750 1238 863 1343 iisque
901 1232 1011 1319 Batsr·

122 1350 260 1443 ensem,
288 1346 645 1433 Trunffrluanienseur,
672 1342 879 1425 Nitrienseur
893 1342 1011 1421 substi-

117 1456 196 1528 tuit.
251 1458 306 1528 An
333 1454 394 1546 hi,
433 1476 535 1555 quum
569 1466 638 1530 taur
663 1444 797 1530 diuersa
830 1448 1008 1543 sentiunt,

116 1569 240 1631 ruutuo
270 1553 400 1655 seipsos
433 1548 715 1655 exscripserunt?
754 1550 793 1627 Si
819 1566 932 1629 tantus
958 1554 1010 1654 est

116 1658 373 1757 er'rscriptorurn
410 1658 539 1752 hostis3
577 1680 641 1735 cur
674 1655 747 1757 ipse
788 1664 918 1733 tautum
955 1678 1009 1734 err
1058 1752 1060 1757 Ι

113 1759 390 1861 archiepiscopis
424 1754 718 1858 strigoniensibus
757 1766 795 1835 et
831 1757 1010 1859 episcopis

112 1858 345 1963 Agrienfibus
371 1863 514 1943 Nicosai
548 1862 750 1953 Scbrnitrh,
785 1882 887 1961 queur
914 1860 1010 1938 indi·

112 1987 184 2063 gne
212 1990 283 2041 non
317 1965 422 2042 semel
445 1958 608 2057 laceffit,
635 1960 850 2062 exscripsi,
875 1980 950 2055 vt,
977 1958 1008 2042 fi

84 2070 191 2181 ¹boc
218 2092 240 2145 e
271 2060 377 2163 spissis
413 2067 549 2147 duobus
585 2067 714 2159 tonnis,
740 2090 829 2169 quos
861 2068 909 2145 de
935 2068 1007 2145 Vr·

109 2166 359 2248 radinenfibus
392 2170 565 2271 episcopis
590 2191 700 2273 nuper
720 2172 906 2263 ediderat,
942 2170 1007 2249 de·

107 2282 297 2363 “abutum
336 2270 473 2350 rninirna
523 2298 598 2373 pars
633 2274 755 2372 operis
792 2274 1008 2373 exscriptori

107 2375 247 2477 tribui,
274 2390 479 2480 totumque,
507 2378 626 2477 plegio
654 2371 857 2464 liberatum,
882 2377 917 2457 in
933 2378 1006 2476 pia·

108 2481 215 2578 gulas
258 2503 330 2576 non
376 2484 500 2557 multas
535 2481 696 2558 conuehi
729 2477 847 2581 possit.
914 2485 1006 2562 Nam

107 2584 265 2682 plagium
299 2581 426 2662 merito
460 2583 612 2672 dicitur,
651 2585 797 2687 quaudo
824 2583 904 2662 sons
932 2609 1005 2663 non

104 2697 334 2776 coronatur,
362 2683 422 2762 sed
446 2685 566 2785 potius
590 2685 765 2776 inficitur,
795 2683 1004 2791 faciliusque

101 2789 220 2890 lapsui
243 2788 403 2866 modesto
428 2787 535 2863 venia
561 2788 689 2881 datur,
715 2813 814 2893 quarn
843 2786 870 2868 fi
900 2791 1003 2890 virga

102 2891 293 2979 censoria,
332 2892 521 2968 multorum
556 2887 729 2990 capitibus
762 2893 922 2970 acerbius
947 2893 1001 2969 in·

100 2988 235 3086 flidia,
261 2990 492 3092 diffringatur.
546 2993 640 3072 Illud
679 2993 789 3088 igitur
814 2998 861 3074 de
887 2995 1000 3073 Turo-

103 3097 238 3174 rziauis
287 3091 559 3196 exscriptoribus
603 3111 841 3176 ornamentum
880 3100 999 3179 omine

97 3223 178 3276 uon
205 3196 285 3300 satis
308 3194 419 3276 inusto
438 3201 509 3275 buc
534 3201 584 3278 est
604 3201 822 3296 transierum
854 3205 999 3282 necmi-

96 3327 168 3379 nus
194 3301 318 3379 alieno
343 3305 434 3379 loco
458 3301 604 3378 videtur
624 3303 693 3380 aria
713 3305 879 3382 Turotzii
901 3307 999 3407 phra-

93 3399 156 3482 fis'
174 3417 219 3482 et
241 3403 427 3482 excusatio
450 3427 541 3480 mox
568 3403 744 3496 subiunpi:
783 3405 890 3504 Quod
918 3406 998 3510 sen·

93 3509 211 3584 tentio
239 3529 308 3582 mea
333 3509 440 3582 minut
464 3509 600 3604 reliquis
623 3503 813 3609 firnsiiffimi
836 3511 928 3612 regis
958 3513 998 3586 si-

91 3613 273 3690 beralitate·
297 3611 457 3692 numi
493 3631 597 3707 usque
622 3612 704 3688 areo
725 3616 761 3688 in
799 3613 887 3690 isium
913 3615 997 3690 iniu-

91 3716 172 3791 rius
199 3735 266 3790 non
282 3712 380 3817 sum,
416 3726 457 3789 ut
490 3717 587 3789 etium
612 3713 793 3812 confidam,
816 3735 876 3818 per
902 3741 996 3796 occu·

91 3820 262 3894 rariorem
288 3815 367 3890 bunc
402 3819 560 3892 uminis
584 3813 885 3922 inupsiguriunem,
945 3823 996 3897 so·

90 3923 184 3998 rium
213 3918 356 3996 eiusdem
374 3917 794 4000 mauritanensium
821 3927 877 4003 iri.
912 3847 996 4001 ἑαν-

90 4038 126 4099 te
145 4021 271 4126 flesso,
304 4024 399 4102 ueris
427 4025 615 4125 perusium,
647 4027 705 4102 uei
729 4024 806 4131 ipfis
837 4031 929 4105 ueris
948 4025 994 4126 fi·

509 4133 656 4224 Aeag
873 4131 992 4206 bn.
