3000 4825
107 688 188 773 para
216 663 358 765 rnesmis
382 667 550 739 exercitus
571 665 640 737 iret
664 661 783 763 oerfita.
807 661 968 740 menum
987 696 1003 748 ,·
1022 640 1228 759 Ἧὲ

111 768 296 866 Hnngani',
325 768 358 843 in
385 788 495 868 compo
511 764 659 865 'qnidam
684 766 762 841 ilion
788 768 998 864 munienter,
1082 792 1161 857 955.
1334 770 1338 781 '

108 872 243 975 sagittis
263 874 418 971 primitur
440 873 571 945 illorum
597 894 698 969 equos
723 871 928 956 occiderem,
944 889 998 948 to·
1281 888 1295 896 ‘

111 994 144 1051 tn
170 974 226 1050 iit
251 976 336 1077 ipsos
361 998 418 1051 nec
436 973 645 1076 descendere,
674 996 732 1049 nec
758 969 919 1073 orientum
934 976 997 1078 fn-

108 1102 188 1180 gert
226 1078 456 1179 permittendo.
536 1074 686 1155 Tandem
724 1100 837 1161 vero,
863 1080 997 1182 dnm-se
1041 1084 1047 1095 ‘
1109 1096 1120 1107 ’
1254 1172 1262 1181 ι

109 1206 241 1274 mortem
260 1207 324 1259 non
336 1179 478 1285 poffent,
501 1184 661 1281 caprinam·
680 1180 715 1281 [ι
734 1180 906 1275 dederunt,
923 1210 996 1263 cum

110 1290 227 1385 qnibrta
241 1286 355 1387 socios
377 1290 479 1387 snos,
502 1283 711 1381 Rati-rinnon
726 1283 895 1371 detento's,
921 1289 996 1363 red·

110 1406 270 1479 emeram.
346 1391 393 1467 Et
426 1392 522 1475 linet:¹
547 1387 654 1465 fuerit
686 1388 747 1475 itta
782 1389 884 1465 tertia
919 1414 997 1488 pars

110 1495 290 1591 copiarum
313 1492 613 1591 Hungaricarom,
641 1515 729 1592 quae
754 1489 859 1572 iuxta
879 1493 997 1570 Turo·
1126 1520 1153 1576 ’,
1260 1524 1266 1533 ·

110 1598 218 1673 trium
239 1600 316 1673 »alio
341 1600 461 1685 loco,
489 1618 568 1671 cum
594 1596 733 1687 honore
758 1594 905 1676 redirit.
945 1596 998 1697 (a)
1027 1637 1031 1645 ·
1083 1603 1087 1609 ’

109 1700 250 1797 Septem
279 1699 366 1791 itti,
391 1698 533 1775 reicitis
568 1696 703 1773 auribus
729 1693 886 1783 remiffi,
921 1696 999 1778 fue·
1136 1696 1144 1709 ’

110 1804 179 1893 tint
206 1827 257 1895 ex
294 1799 426 1891 duabus
459 1798 612 1901 partibus
647 1802 877 1901 intercepti,
913 1828 999 1905 quaa

111 1908 233 1997 Otto,
272 1904 452 1983 Saxoniae
486 1906 597 1997 dux,
633 1917 682 1979 vt
715 1910 857 1981 annales
889 1906 998 1983 nostri

110 2010 327 2112 loquuntur,
360 2003 460 2085 timul
478 2023 609 2083 tamen
644 2006 748 2083 etiam
788 2008 998 2088 Germaniae

111 2134 214 2205 rex,
240 2113 484 2189 internecione
511 2112 659 2187 deleuit.
713 2114 768 2187 lta
794 2110 998 2189 diffentien·

110 2228 166 2291 tes
190 2216 406 2315 scriptores,
434 2237 577 2313 quorum
604 2212 710 2315 aliqui
738 2226 870 2311 partem
900 2219 998 2290 Hun-

110 2340 299 2418 gemtum„
327 2316 384 2418 (b)
423 2318 485 2391 alii
510 2317 638 2416 septem
676 2314 863 2395 dumtaxat
898 2320 997 2395 redi·

113 2422 226 2516 niffe,
255 2423 312 2520 (c)
339 2417 511 2508 scribunt,
534 2418 720 2496 conciliari
741 2423 837 2519 poiie
861 2421 996 2499 viden·

96 2525 179 2601 tur.
232 2531 289 2602 Ita
312 2527 431 2602 locnm
458 2525 560 2602 etiam
588 2521 716 2600 habere
749 2527 879 2622 potest,
896 2526 998 2626 quod

96 2632 320 2708 ‘Anonvmus
359 2629 406 2704 de
433 2628 615 2706 Botondio
642 2621 779 2717 refert,
819 2652 998 2704 eumcum

111 2733 189 2805 niiir
214 2728 456 2831 Hungnrorntn
483 2731 669 2812 militibus,
695 2731 751 2827 qni
776 2752 819 2804 tx
844 2735 894 2807 eir
919 2731 998 2833 refi-

101 2833 170 2924 itti
185 2831 351 2934 firmant,
387 2877 402 2892 ·
438 2833 685 2908 vulneratorum
712 2856 804 2907 more
843 2837 998 2920 monum,

114 2937 161 3009 in·
175 2960 265 3024 orma
292 2933 413 3038 rniffe;
440 2928 573 3028 infles,
601 2937 756 3036 grauiter
781 2938 999 3036 vulnerator,

113 3043 147 3111 in
167 3037 287 3140 fugam
314 3033 537 3138 conuertiffir3
564 3039 621 3133 (d)
644 3037 747 3128 ,cuius
772 3040 824 3116 rei
852 3040 998 3140 scripto·

114 3163 169 3218 res
195 3144 344 3237 exteri,
371 3141 607 3239 magnitudine
633 3139 809 3218 vitioriae
836 3141 912 3220 suae
937 3143 998 3220 ab·
1049 3139 1053 3147 ’

113 3239 322 3342 [οῐρῑὶ,ἠε
346 3246 438 3322 hanc
463 3269 606 3348 quoquo
632 3243 744 3320 modo
770 3241 1001 3332 funestarent,

96 3371 184 3452 *non
211 3348 440 3426 meminerint.
461 3399 465 3406 -
1003 3393 1006 3400 ·

527 3579 645 3678 Gg3
887 3581 970 3660 Α..

122 3953 133 3960 “
157 3936 213 4022 (a)
238 3937 310 4002 Cirr.
333 3942 366 4003 P.
389 3943 432 4006 H.
457 3945 488 4006 C.
512 3943 571 4005 rit.

157 4023 195 4108 (b
239 4026 349 4090 Cliton.
375 4029 474 4091 Germ.
496 4032 596 4116 Hune.

159 4111 191 4196 (c
235 4113 343 4177 Cbnon.
368 4116 487 4178 Boione.
511 4130 539 4180 et
563 4116 662 4202 Garji.

162 4197 221 4282 (d)
245 4201 337 4284 Copp.
359 4201 427 4266 LV.
448 4201 532 4278 Lt'r,
