3000 4825
570 521 657 599 222
807 448 1148 597 ARPADVS.

285 678 492 797 π
512 678 612 757 rent,
647 663 846 781 longiorem
882 685 927 739 ac
964 661 1069 780 magis
1099 658 1302 779 impeditam·
1329 681 1394 752 etr,

372 774 382 791 ‘
416 848 427 877 .
513 774 740 859 otrentum,
795 768 859 842 vel
910 768 1051 842 Bauarm
1088 784 1181 841 vtum
1218 767 1376 865 eloquit,

352 825 414 899 89⁹
514 896 617 976 quum
644 872 776 947 maiora
801 878 863 968 per
888 868 1102 947 Pannoniam
1137 866 1267 945 Saniam
1292 890 1394 945 com·w

513 976 641 1075 pendia
668 975 810 1055 viarum
837 970 998 1070 ignorare
1024 994 1093 1047 non
1123 971 1268 1069 ponent
1316 976 1378 1068 Et.

515 1074 544 1155 fi
578 1080 772 1169 iirazlauo,
813 1074 871 1151 cui
909 1073 1112 1153 Pannoniae
1150 1090 1277 1175 partem
1311 1098 1396 1153 cunr·

433 1270 438 1285 x
514 1180 606 1263 vrbe
631 1178 855 1271 Parumne,
881 1175 937 1255 seu
952 1181 1027 1257 hoc
1049 1181 1193 1255 nomine
1218 1174 1380 1264 Smluudr,

514 1284 613 1389 quod
638 1285 693 1363 cl.
721 1284 857 1372 Prai0‚
892 1282 949 1359 seu
981 1275 1138 1373 Scirum,
1184 1281 1281 1383 quod
1310 1284 1381 1359 mihi

514 1394 655 1490 placet,
679 1387 910 1484 intelligatur.
938 1382 1106 1461 Amulius
1131 1384 1304 1464 tutandam
1332 1410 1379 1460 an·

462 1578 466 1587 ,
515 1506 553 1570 te
578 1491 762 1571 triennium
789 1487 1005 1569 crediderat.
1030 1488 1209 1587 impedire
1226 1512 1293 1563 non
1315 1504 1379 1588 pot·

362 1600 365 1611 '
407 1654 417 1685 .
516 1596 591 1686 uit,
618 1616 662 1671 ne
690 1593 848 1691 Hungari
874 1590 1089 1671 Pannoniam
1118 1597 1211 1667 hauc
1245 1613 1381 1693 occupa·

511 1714 621 1787 ‘rent3
655 1720 728 1771 non
753 1696 806 1772 ita
830 1696 1037 1782 metuendus
1075 1694 1203 1773 iisdem
1229 1710 1315 1777 erat,
1348 1705 1386 1771 vt

517 1798 732 1883 Pannoniam
767 1798 885 1877 etiam·
907 1798 1042 1875 Satriam
1085 1815 1223 1876 tentare
1249 1822 1317 1873 non
1340 1823 1387 1875 au·

516 1904 643 1983 durent
672 1922 715 1979 ac
741 1902 844 1978 etiam
871 1894 936 1979 fibi
968 1899 1212 1983 uindicarent.
1265 1906 1388 1991 immo,

518 2006 597 2110 quia
632 2006 802 2085 Brazlauo
845 2002 1017 2104 deinceps
1061 2004 1097 2079 in
1138 2004 1290 2083 historiis
1330 2026 1390 2077 non

518 2122 723 2209 comperet,
751 2107 898 2186 videtur
923 2111 987 2185 vel
1019 2102 1128 2199 fato,
1162 2112 1227 2187 vel
1265 2110 1390 2203 Hungu-

517 2236 635 2293 rorum
669 2208 789 2310 gladio
832 2210 1154 2293 consumtus,·eii“e.
1220 2212 1291 2288 Sed
1314 2213 1391 2285 haec

518 2341 570 2396 ex
597 2314 762 2393 dicendis
785 2338 878 2390 anno
904 2314 1060 2419 sequenti
1086 2316 1204 2414 magis
1230 2310 1391 2416 patebunt.

517 2420 661 2500 Deinde
688 2419 745 2502 Cl.
771 2417 897 2496 Praius
922 2424 1041 2496 eorum
1069 2420 1280 2518 opinionem
1305 2411 1394 2492 reiei‘

517 2526 601 2614 lit,
639 2516 726 2615 (a)
762 2519 823 2622 qui
860 2542 922 2618 per
957 2521 1143 2598 Baioarios
1192 2523 1229 2598 in
1276 2521 1394 2600 Italiam

517 2619 725 2727 procurrisse
773 2625 966 2716 Hungaror
1010 2623 1258 2721 arbitrantur,
1310 2619 1396 2727 quod

518 2721 671 2804 Amulio
702 2719 777 2824 fiae
814 2739 919 2802 rueme
944 2779 954 2806 .
984 2724 1059 2827 stur
1096 2733 1266 2804 audcirias
1304 2719 1398 2825 cuuffa

517 2825 682 2928 Hunguri
714 2827 847 2904 nultum
880 2832 1065 2910 tribuerint.
1133 2831 1186 2910 At
1227 2831 1317 2910 enim
1341 2847 1398 2904 nec

519 2946 654 3026 metus,
682 2953 749 3006 nec
775 2932 950 3025 amicitia,
992 2927 1150 3038 fiquam
1178 2958 1260 3013 cum
1286 2932 1401 3012 Amul⁴

431 3039 433 3048 ’
517 3030 558 3112 io
586 3033 800 3126 habuerunt,
826 3037 1032 3136 impedinit,
1059 3038 1274 3140 quominus,
1302 3038 1400 3112 aitero

517 3137 630 3216 statim
656 3135 700 3214 ab
726 3137 870 3214 auxiliis
896 3135 1044 3217 Amulio
1067 3157 1202 3220 contra
1229 3142 1399 3236 Suatopiu·

518 3263 598 3340 gum
625 3241 705 3318 latis
730 3263 849 3334 anno,
866 3236 995 3343 fadum
1019 3238 1097 3345 effer
1123 3247 1244 3323 hedum
1266 3259 1396 3342 magnum

516 3345 606 3424 iuter
639 3339 838 3420 Buuuurr‘or
863 3360 897 3422 et
926 3341 1125 3461 Vngarios,
1172 3365 1218 3428 vt
1250 3348 1335 3426 alias
1358 3363 1401 3420 ex

394 3533 399 3540 ,
518 3450 696 3528 chronico
737 3443 1036 3529 Hildesheimensr
1070 3452 1261 3550 vidimu33
1291 3471 1402 3551 quam·

520 3552 573 3628 uis
599 3551 645 3630 ad
669 3551 819 3652 aliquem
846 3576 867 3627 e
888 3553 1140 3650 posterioribus
1165 3560 1270 3634 annis
1294 3553 1333 3630 id
1357 3573 1404 3628 re

518 3649 699 3734 ferendum
726 3656 935 3736 censeamus.
986 3659 1024 3736 Si
1048 3659 1152 3736 huius
1178 3657 1344 3738 chronici
1360 3668 1404 3730 te·

519 3757 713 3838 stimonium
740 3758 796 3837 Cl.
821 3757 945 3836 auctor
968 3761 1139 3857 admittit,
1167 3779 1215 3844 vt
1241 3763 1346 3842 semel
1371 3771 1404 3832 a<

1070 3893 1075 3901 '
1296 3881 1348 3942 rte

522 4047 1403 4088 —---—----.......·....-.-

556 4164 623 4262 Ι(ει)
647 4171 723 4258 Diffi
745 4180 788 4240 X.
808 4193 841 4260 p.
863 4182 937 4268 226.
1038 4231 1054 4286 ‘.

872 4447 887 4488 ἱ
