3000 4825
351 861 428 936 979·

571 574 658 696 596
858 568 1043 669 GElsA

511 735 648 815 straten
691 732 864 833 respicit,
900 734 1139 813 marchionem
1176 735 1378 823 admittamus

516 840 711 941 Aloldique
735 838 969 915 testinnonium
990 835 1219 934 recipiamus,
1246 846 1293 921 eil
1307 870 1379 925 nec.

514 939 599 1020 effe.
652 942 727 1021 Sed
759 964 885 1039 nempe
913 942 1122 1039 Leopoldus
1149 950 1379 1035 noummchio,

512 1044 576 1124 led
601 1060 733 1123 tanturn
759 1066 906 1133 corner,
950 1044 986 1118 in
1011 1043 1160 1133 laudatis
1186 1044 1305 1125 litteris
1328 1076 1378 1151 ap-

514 1150 679 1249 pellatur.
744 1150 829 1228 Non
857 1138 972 1223 obfuit
1002 1140 1183 1239 Callesuo‚
1219 1155 1381 1249 quonium

515 1253 751 1330 Burcluardum
775 1249 1027 1332 'marchionem
1072 1250 1185 1327 latere
1219 1252 1379 1351 suspicare·

513 1368 571 1431 tur
597 1355 651 1453 (a)
677 1357 713 1433 in
748 1371 822 1445 eo,
858 1352 1003 1455 dequo
1037 1352 1278 1451 necrologium
1315 1358 1380 1435 Ful·

514 1456 621 1535 dense
646 1457 781 1541 habete
807 1453 861 1533 A.
884 1452 931 1540 C.
961 1465 1048 1553 981.
1079 1452 1236 1555 Burgnrt
1260 1480 1381 1550 conen

515 1584 664 1663 quemue
689 1561 868 1639 Dinnarus
894 1572 932 1639 et
964 1561 1131 1638 annalista
1165 1560 1262 1637 Saxo
1287 1556 1382 1641 caelu

514 1664 705 1741 comitibus
748 1662 936 1739 accensent
968 1661 1014 1739 ad
1048 1668 1095 1743 A.
1133 1664 1174 1742 C.
1214 1676 1298 1760 982.
1331 1687 1382 1743 cut

386 1821 391 1841 .
513 1765 618 1863 igitur
644 1768 741 1843 idern
767 1766 908 1843 comitis
934 1766 1084 1857 titulus,
1112 1764 1304 1865 Leopoldo
1328 1792 1382 1843 no·

514 1870 584 1945 ltro
605 1868 777 1959 tributus,
806 1860 969 1955 officiat,
996 1868 1182 1969 quominus
1209 1868 1306 1945 etiam
1329 1892 1381 1967 pro

513 1974 717 2049 marchione
742 1966 862 2047 haberi
887 1968 1021 2070 poffit?
1049 1964 1214 2051 t‘ortallis
1237 1970 1381 2048 illustriu-

511 2096 552 2151 re
586 2076 661 2151 hoc
695 2077 801 2192 titulo
838 2085 924 2151 tunc
960 2076 1104 2176 primurn
1146 2073 1203 2153 vti
1241 2070 1381 2195 coepit²

513 2180 865 2381 ggffltagffis
880 2176 1314 2377 sffiglllcioamlluffutgrlitrn,
1329 2171 1383 2355 stabi

513 2386 651 2471 Cetium
673 2385 784 2489 vique
804 2396 959 2462 montem
982 2384 1150 2484 protulit.
1204 2386 1305 2462 certe
1320 2382 1384 2460 Dit-

513 2511 625 2563 marus
651 2488 709 2590 (b)
735 2496 937 2578 ottonem,
971 2493 1249 2566 carentanorum
1275 2487 1383 2563 ducem

514 2604 553 2667 et
584 2591 815 2668 Veronensem
844 2593 1008 2670 comitem
1044 2607 1197 2684 vocnt,
1225 2615 1324 2694 quum
1345 2605 1384 2665 tn·

513 2716 594 2767 rnen
625 2717 647 2768 a
688 2696 939 2772 continuatore
976 2693 1175 2794 Reginonis
1210 2693 1383 2784 murchin,

512 2817 588 2873 non
643 2799 865 2889 comitatus,
935 2791 1151 2876 Veronensus
1190 2799 1384 2896 appelletur.

514 2898 641 3000 Quid,
667 2899 765 3002 quod
790 2901 862 3000 ipse
888 2901 1142 2984 Luitwaldus,
1169 2899 1383 2997 seuueopou

508 3004 604 3092 ilua,
631 3004 700 3080 iarn
725 3026 870 3088 conum,
894 3006 963 3082 iam
990 3003 1149 3082 marchio
1181 3001 1385 3080 voceturin

511 3105 745 3204 diplomate,
772 3109 872 3210 quod
905 3113 992 3188 otto
1018 3112 1091 3186 lll.
1129 3106 1312 3202 Piligrino
1337 3103 1384 3180 deu

510 3209 569 3286 dit
595 3219 642 3287 A.
670 3213 711 3286 C.
739 3223 827 3306 985.
857 3208 914 3305 (c)
988 3209 1144 3288 Dahae
1171 3209 1281 3306 igitur
1303 3227 1386 3288 voca

511 3335 585 3388 non
619 3313 766 3390 videtur
802 3335 1014 3412 magnopere
1046 3311 1294 3410 litigandum
1334 3325 1387 3384 uec

510 3415 615 3491 locus
640 3417 701 3493 hic
730 3417 888 3514 patitur,
926 3431 969 3492 un
1006 3417 1150 3513 longam
1185 3415 1235 3494 de
1274 3411 1387 3492 Babeu·

511 3513 677 3612 bergicae
703 3517 858 3599 familiae
884 3520 1126 3619 genealogia,
1171 3542 1276 3622 quarn
1302 3515 1388 3594 Alol-

513 3621 580 3696 dus
605 3623 745 3717 textuit,
772 3623 1041 3726 disputationem
1068 3636 1199 3700 contra
1220 3613 1400 3702 earlefiun.

1218 3795 1223 3804 .
1257 3749 1386 3826 enm-.-

553 4078 607 4166 (a)
630 4087 738 4151 Annei.
760 4085 858 4237 Adit.
877 4091 912 4153 P.
936 4090 961 4152 Ι.
981 4102 1013 4174 p.
1037 4091 1113 4158 266.

572 4171 613 4245 b)
635 4173 712 4234 naun.
734 4178 756 4236 l.
787 4109 820 4237 u.
843 4189 873 4258 p.
900 4193 972 4264 370.

119 4321 156 4346 .
288 4245 291 4250 ·
392 4310 394 4314 ,
552 4251 796 4342 (prunam
822 4247 1058 4358 uuluam,

1397 3861 1400 3988 l
