3000 4825
330 478 335 483 ’
406 477 413 493 ’
488 454 723 607 nuxv.
906 432 1045 629 531]

155 662 215 765 isto
242 667 372 766 quidem
398 663 523 743 Zourd
558 669 668 742 oritur
692 672 878 766 generatio.
960 676 1051 749 Con·
1075 673 1279 751 ζμ

151 773 276 850 fundit
301 760 440 873 quidem
467 771 527 849 hic
555 773 669 875 aliqua
696 771 925 865 Turotzius,
960 800 1050 877 quae
1073 867 1076 877 ι
1134 770 1230 900 9⁰73:

149 875 346 951 distinttius
367 882 578 966 Anonymus
597 874 748 974 prodit,
776 900 828 953 ex
858 903 931 979 quo
963 900 1049 957 con·

148 982 247 1069 stat,
275 1000 340 1078 per
367 978 545 1057 Zuardum
564 1030 586 1068 0,
616 976 777 1062 Huleki,
816 1004 888 1083 non
918 982 1049 1061 Leheli

147 1080 290 1172 filium,
329 1081 386 1159 seu
422 1082 668 1188 Bobemioos‚
704 1079 762 1157 seu
792 1082 1049 1169 Morahanicos

95 1187 99 1194 '
147 1184 355 1283 Suatoplugi
380 1184 510 1259 milites
536 1183 716 1282 Galgozio
757 1183 922 1283 depulsos
949 1186 1045 1278 eise3
1104 1180 1108 1190 ’

146 1288 227 1363 tatis
254 1302 371 1364 tamen
398 1288 461 1367 uel
499 1308 561 1385 per
599 1290 661 1363 has
698 1285 859 1364 tenebras
886 1291 1043 1385 innuit,
1144 1344 1149 1357 .

147 1415 220 1466 non
249 1404 380 1469 tantum
416 1388 602 1483 Anonymi
640 1390 877 1468 narrationem
913 1393 1040 1467 clario·

145 1516 219 1569 rem
248 1492 499 1583 nonnette,
527 1492 587 1569 sed
615 1494 718 1569 etiam
736 1490 917 1589 ‘Maefiam
945 1512 1042 1570 trans

145 1594 346 1675 Danubium
373 1620 513 1699 quoque
546 1591 675 1687 turre,
712 1591 864 1672 iortaffis
891 1621 955 1673 eae
983 1620 1040 1673 re·

139 1702 312 1797 -giones‚
351 1723 440 1801 quae
473 1698 596 1775 medio
630 1700 739 1791 (hoc
768 1698 858 1774 enim
889 1699 1054 1775 Graecis.

144 1804 271 1880 Meios
296 1804 346 1879 est
368 1804 386 1899 )
412 1801 523 1901 spatio
561 1800 756 1876 Danubium
795 1800 889 1879 inter
915 1819 952 1881 et
978 1804 1042 1879 Ti·

143 1902 275 1982 hiscum
302 1902 633 2002 intercipiebantur,
663 1898 825 1995 Metine,
853 1906 908 1981 seu
934 1906 1037 1983 Mae·

145 2003 391 2099 sraenomine
419 2004 622 2085 veniebant.
675 2008 724 2083 Et
747 2004 826 2083 iane
847 2006 1039 2105 Piligrinus

141 2113 218 2213 ipse
262 2112 407 2190 videtur
454 2110 634 2202 innuere,
677 2107 712 2187 se
755 2134 827 2185 non
865 2106 1040 2189 Maesram
1135 2148 1139 2159 ·

144 2215 291 2317 proprie
318 2214 448 2289 dittam
474 2213 709 2311 intelligere,
737 2236 839 2315 quum
867 2217 941 2296 air:
961 2232 1040 2313 pro·

140 2321 238 2419 prins
265 2312 358 2395 VII.
386 2308 549 2416 antistites
574 2316 684 2391 eadem
711 2316 883 2392 orientalis
902 2312 1039 2393 Panno·

142 2426 203 2496 nin
230 2424 365 2504 babuit,
399 2435 432 2494 et
463 2416 643 2519 Maesta
675 2442 809 2516 quorum
837 2419 976 2518 quotuor
1001 2423 1037 2496 in

143 2525 318 2602 Moram
344 2520 538 2624 manserunt.
590 2523 757 2628 Quirmuis
783 2525 874 2601 enim
892 2526 1036 2623 Pannof

141 2630 232 2721 nia,
263 2651 443 2730 numquam
467 2642 584 2703 tamen
625 2621 764 2704 Maesta
799 2627 942 2729 proprie
982 2627 1035 2704 di·
1086 2707 1089 2714 ,

133 2733 231 2816 θα,
265 2732 445 2808 Marauiae
481 2730 622 2805 nomine
656 2727 837 2807 veniebat.
907 2725 1035 2808 Hanfi·

139 2838 225 2916 zius
252 2834 412 2911 laudatus
449 2834 522 2908 alio
556 2835 646 2908 ioco
680 2834 772 2908 suum
813 2833 861 2910 de
897 2828 1037 2914 Maesta
1116 2882 1120 2890 ·

139 2938 291 3015 dubium
321 2930 373 3014 fic
400 2937 594 3034 explicat,
636 2935 687 3032 (a)
713 2931 834 3011 Medii
858 2937 931 3010 aeui
945 2933 1035 3038 scri-

137 3045 333 3143 pratibus,
361 3041 414 3114 uri
438 3036 613 3139 biographo
639 3032 683 3116 S.
709 3035 969 3130 Maximib'nni,
997 3063 1035 3114 a·

139 3149 265 3244 liisqne
290 3143 372 3218 nihii
396 3143 475 3220 noui
503 3139 602 3242 firit,
626 3137 789 3240 Maestae
821 3167 933 3218 nomen
957 3159 1035 3241 pro·

138 3251 299 3341 triariis,
334 3260 428 3323 traua
469 3239 662 3320 Danubium
688 3267 707 3317 e
740 3249 874 3344 regione
907 3239 1034 3321 Norici

126 3352 237 3454 fitis,
263 3391 279 3410 ·
305 3353 461 3427 tribuere.
480 3341 681 3423 Benediiius
700 3336 1036 3450 i'II.(nobisV1.)

134 3458 187 3533 de
219 3450 394 3530 Pannonia
429 3467 463 3528 er
488 3449 625 3550 Maesta
647 3449 828 3551 scribens,
864 3473 1035 3550 quarum,

135 3563 220 3652 ait,
245 3559 436 3658 prouinciae
452 3553 535 3656 srmt
550 3554 686 3629 Auarici
711 3569 746 3629 et
761 3553 952 3636 Marcium·
977 3579 1037 3630 ceu

128 3681 204 3767 per
232 3658 436 3737 Pannonium
453 3673 486 3734 et
501 3655 670 3760 Maessam
684 3711 698 3748 ,
713 3657 794 3732 nibil
819 3657 921 3749 uliud,
940 3680 1036 3755 quam

130 3763 317 3846 Auartmr
336 3753 376 3840 -ei
402 3762 601 3841 Marouion
629 3760 803 3862 intelligat.
853 3758 1036 3860 Eugenint

561 3863 618 3941 Ll
643 3885 667 3938 2
919 3859 979 3944 ΙΙ.

187 4187 248 4277 (a)
272 4191 373 4255 Germ.
393 4191 427 4254 S.
452 4185 492 4251 T.
517 4183 546 4249 i.
566 4197 599 4269 p.
625 4197 674 4247 rr.
