3000 4825
343 535 346 543 '
437 544 442 557 '
550 542 636 641 242
787 436 1084 615 ARPADVS

186 760 215 793 ἵ,
263 660 468 789 Affiff‘
489 680 695 761 ‘aud’roribus
733 679 832 782 supra
868 680 1029 757 'laudatis
1071 680 1244 776 occurrit,
1280 684 1359 763 hanc
1403 739 1407 753 .

308 862 313 871 .
328 822 405 889 900.

494 786 703 887 opinionem
730 784 930 863 confirmat.
982 786 1130 859 vldetur
1150 801 1257 863 autem
1281 788 1360 866 Dan·
1403 846 1407 888 ÷

493 890 597 967 dulus
625 903 724 990 parte
753 910 815 985 32.
853 883 1117 989 procursionem
1150 890 1246 969 aliam
1276 896 1358 967 iiuu·
1404 950 1407 992 :

493 1015 677 1093 garorum,
719 1015 816 1095 quae
864 992 942 1091 post
975 990 1128 1065 vicenos
1154 1012 1258 1098 annos
1284 996 1363 1069 acci·
1404 1054 1407 1092 r

492 1097 589 1187 dit,
610 1100 700 1172 male
735 1117 815 1173 curn
847 1097 969 1195 priore
1005 1094 1258 1184 coniunuiffe3
1299 1122 1364 1173 nam

493 1198 591 1276 istam
618 1200 757 1303 quidem
803 1199 958 1296 Augusto
995 1196 1109 1271 menie
1143 1192 1242 1275 fuisse
1271 1196 1365 1277 susce·
1404 1295 1405 1300 Ἰ

493 1316 613 1481 ptam,
643 1326 694 1379 ex
720 1303 894 1379 chronico
920 1301 1170 1378 Nonantuiano
1196 1298 1365 1396 hebernum
1404 1302 1407 1399 ,

426 1414 430 1423 '
509 1428 583 1481 uam
600 1404 782 1483 Dandulus
808 1406 855 1482 ad
878 1421 1071 1483 exeuntem
1098 1407 1232 1479 lunium
1257 1396 1364 1503 affigit.
1404 1469 1407 1503 ,

267 1600 519 1789 ffib
544 1614 684 1791 lchfflis
722 1609 1029 1791 Erpffllfuitprandi
1062 1612 1281 1728 narratione,
1316 1635 1406 1711 qua

266 1759 477 1901 samaim
496 1730 1154 1920 diii‚⁰2n,n¹⁶ii0i·is¹ssi
1196 1736 1407 1895 iiiiii.

267 1920 346 1985 belh
377 1919 474 1985 huius
496 1920 577 1997 dum
620 1924 824 1998 Hunnorum
850 1921 886 1995 in
925 1921 1144 1999 Pannoniam
1186 1916 1374 2012 transitum,
1404 1922 1407 1930 “

267 2004 423 2070 memine-

268 2090 372 2159 runt?

494 2026 543 2101 de
578 2048 650 2125 quo
688 2026 755 2098 iarn
790 2022 947 2121 egimus,
998 2022 1194 2100 traduxisse
1232 2027 1407 2101 viderun'

494 2129 599 2205 Certe
615 2150 741 2205 nornen
756 2126 1099 2221 Longobardorum3
1129 2150 1291 2205 numerus
1309 2149 1378 2202 cae·

492 2228 606 2309 so'rum
633 2232 717 2303 XX.
743 2228 887 2305 millium
930 2229 945 2322 (
973 2224 1025 2306 sre
1059 2228 1157 2305 enim
1193 2225 1272 2307 sere
1296 2228 1407 2311 resin

493 2334 662 2411 tuendum
688 2330 757 2409 esse
786 2353 985 2427 numerum,
1013 2330 1155 2419 abliiio
1173 2332 1274 2435 supra
1286 2333 1381 2409 iidem
1404 2338 1407 2418 ζ

493 2435 656 2522 audium,
699 2433 784 2510 aiias
817 2433 1031 2528 innuimus)
1074 2441 1173 2512 clam
1213 2435 1407 2538 praeterea}

493 2535 697 2613 transrnirius
722 2537 766 2612 ab
793 2539 963 2636 Hungaris
993 2533 1152 2628 fluuius,
1190 2540 1407 2654 improuisusK

493 2661 615 2717 eorurn
643 2639 679 2714 in
708 2639 964 2738 Longobardos
1007 2645 1197 2740 impetus3
1235 2645 1309 2745 ipse
1333 2646 1407 2730 ue,

493 2741 693 2842 rengarius,
723 2744 887 2820 Veronae
912 2740 1068 2824 residere
1096 2745 1255 2842 solitus,
1300 2745 1407 2844 inspi-¹

436 2923 439 2928 ,
475 2844 595 2938 Ιοἰοηί
621 2845 706 2944 huic
730 2842 991 2926 fundamentum
1020 2849 1180 2951 aliquod
1207 2848 1407 2950 praebenti.

493 2949 646 3050 quamuis
684 2963 805 3025 cetera
835 2951 1038 3036 Pannoniae
1071 2955 1201 3052 potius
1228 2975 1387 3032 aeconio

492 3051 598 3146 dari,
625 3075 726 3155 quam
754 3053 906 3147 ltaliae,
933 3050 1073 3155 poffinr.
1134 3060 1286 3158 Nempe
1319 3054 1407 3152 noui=

492 3156 582 3232 nihil
623 3158 672 3234 est
705 3156 801 3256 apud
842 3160 1072 3251 Turotzium,
1112 3179 1210 3251 res,
1258 3150 1395 3236 diuersis

488 3259 588 3336 iocis
614 3275 650 3337 et
678 3259 894 3360 temporibus
918 3266 1038 3356 adias,
1074 3263 1303 3361 permiscere
1337 3285 1393 3335 na·

492 3361 599 3465 leque
626 3359 859 3444 confundere.
913 3366 972 3446 De
997 3370 1065 3442 hac
1101 3367 1223 3442 etiarn
1250 3361 1399 3466 expedi·

454 3499 460 3511 ·
492 3465 594 3542 tione
635 3467 807 3545 videntur
830 3473 1071 3571 accipienda,
1100 3493 1228 3568 quae,
1259 3467 1402 3548 confuso

490 3567 618 3645 rursum
645 3569 798 3662 ordine,
823 3573 878 3648 his
904 3576 1026 3656 verbis
1050 3571 1143 3648 alibi
1179 3570 1326 3652 refert:
1358 3571 1406 3669 (a)

491 3665 666 3769 Postquam
691 3687 798 3748 aurem
824 3697 1000 3756 memorata
1035 3697 1149 3774 regna
1179 3679 1402 3763 deuiceranr,

489 3793 549 3876 per
576 3772 703 3852 Forum
729 3771 814 3853 lum
838 3807 943 3883 usque
972 3790 1006 3861 in
1044 3779 1242 3877 marchiam
1270 3777 1407 3880 Longo

673 3951 675 3955 .
1286 3889 1363 3961 bur·

284 4251 287 4261 .
485 4233 507 4276 2.
531 4187 589 4279 (a)
614 4191 724 4264 chron.
746 4197 783 4260 a.
803 4197 847 4260 rr.
872 4198 905 4259 c.
928 4196 1053 4264 xxrr'.

963 4455 973 4501 i
