3000 4825
248 1422 535 1549 ¹venerationis
560 1443 719 1520 certum
750 1427 926 1549 pignus,
972 1424 1096 1527 ΤΙΒΙ
1123 1440 1363 1549 pergratum
1407 1448 1410 1459 ·

249 1568 340 1665 lore
369 1568 558 1682 confido,
585 1574 691 1687 quod
721 1570 764 1663 in
793 1600 960 1667 eonon
989 1592 1149 1667 tantum
1177 1566 1364 1687 apostoli·

250 1734 322 1800 cos
350 1703 391 1795 S.
423 1704 648 1841 Adalberti
676 1706 739 1805 M.
769 1712 954 1823 labores,
993 1742 1066 1833 pro
1090 1707 1358 1799 conuersrone

250 1848 454 1940 maiorum
504 1851 727 1941 nostrorum
777 1846 1018 1965 exhaustos,
1070 1847 1363 1971 perstringam

250 1983 323 2081 led
362 2012 458 2075 eam
496 2012 658 2104 quoque
704 1985 981 2104 seutentiam,
1034 2012 1156 2111 quam
1207 1984 1365 2098 infigne

100 2125 103 2133 ’
249 2121 354 2231 lauri
382 2119 506 2217 huius
532 2126 684 2217 ordinis
723 2124 924 2245 exhibet,
963 2129 1035 2219 nisi
1063 2120 1168 2216 mihi
1208 2122 1368 2213 blandi·

250 2290 324 2378 or,
361 2264 531 2375 euinco,
570 2279 696 2381 quum
732 2264 776 2360 S.
808 2262 1066 2392 Stephanum
1107 2294 1132 2355 u
1161 2264 1203 2353 S.
1234 2260 1388 2354 Adam.

254 2408 378 2496 berto
407 2431 492 2496 non
520 2397 746 2518 infantem,
787 2401 859 2500 sed
896 2410 988 2499 iam
1009 2405 1275 2520 anubionem,
1307 2394 1372 2490 la·

185 2665 190 2672 ι
239 2545 332 2646 ,oris
360 2539 481 2631 vndis
509 2537 697 2632 ablutum
723 2539 835 2658 elle,
859 2547 1082 2636 contendo.
1343 2525 1347 2548 '

358 2792 493 2886 Mitto
521 2792 605 2885 iam
634 2799 802 2914 dicere,
832 2799 995 2918 quantis
1024 2815 1137 2890 ortus
1165 2797 1214 2888 irs
1242 2791 1374 2884 maio·

227 2936 392 3046 -ribus,
419 2951 517 3046 toga
547 2931 724 3056 sagoque
754 2937 968 3052 maximis,
997 2960 1168 3056 quorum
1197 2933 1371 3026 eximiis

255 3073 472 3197 operibuS,
502 3074 661 3166 bellicis
689 3074 957 3184 facinoribus,
987 3071 1192 3166 indefeffis
1219 3070 1376 3163 labori·

256 3215 335 3306 bus
359 3227 558 3329 qnantum
586 3221 711 3306 decus
739 3231 788 3306 et
815 3217 1052 3334 praefidium
1084 3211 1274 3330 religioni
1302 3238 1373 3300 re·

258 3379 421 3469 guoque
444 3365 604 3470 partum
634 3356 704 3465 fit,
739 3350 826 3442 fasti
855 3352 974 3444 nostri
1003 3354 1244 3470 loquuntur,
1283 3377 1377 3465 gra-

123 3581 131 3594 ,
256 3494 373 3609 tique
416 3490 563 3611 posteri
610 3493 724 3584 nullu
763 3517 847 3582 non
892 3506 1083 3609 tempore
1134 3497 1368 3612 loquentur.

258 3626 494 3748 Numquam
525 3625 570 3718 hi
595 3626 884 3743 Franciscum,
913 3631 954 3724 id
978 3630 1154 3724 nominis
1174 3631 1369 3748 primum,

260 3765 520 3881 Dalmatiae,
548 3767 761 3879 Cruatiae,
777 3761 1031 3860 'Sclauoniae
1048 3771 1225 3880 bunum,
1254 3789 1374 3856 nnm-

260 3917 384 4024 'qnam
435 3899 687 4021 Vrbanam,
747 3907 1006 4025 Georgium,
1059 3901 1372 4001 Balthasarem2

113 4137 121 4144 .
261 4043 481 4143 Andream
519 4063 566 4138 et
606 4045 756 4140 iterum
795 4043 1092 4161 Francilcum3
1147 4068 1374 4160 numquam

1194 4179 1311 4278 loan-
