3000 4825
589 540 677 657 674
877 524 1058 625 GEISA

298 666 508 795 ‚effla
532 700 606 771 ra'm
642 713 750 790 opera
793 690 857 765 iam
892 688 1144 769 interciderint.
1226 692 1294 769 Eos
1329 720 1405 785 aa»

237 862 240 873 .
374 813 452 895 99⁶.
534 812 605 874 tem
650 796 794 893 optima.
827 790 900 869 fide
943 792 1128 869 Turotzius
1165 796 1374 895 conpilarit,

534 920 648 1001 neque
675 898 854 999 quicquam
883 915 932 971 ex
955 897 999 969 iis
1025 896 1229 987 immutarit,
1255 910 1295 973 rt
1319 893 1395 999 ipse¹

460 1064 470 1077 ,
526 992 588 1075 'his
613 1000 729 1077 verbis
748 999 783 1073 in
808 994 1021 1097 praefatione
1039 993 1181 1074 fatetur:
1206 1002 1254 1097 (a)
1279 998 1378 1099 Qann

533 1103 630 1177 rebat
654 1104 688 1177 in
715 1101 767 1175 sris
793 1122 834 1174 ex
859 1120 908 1175 nrt
924 1097 1063 1201 fecerim
1088 1100 1187 1183 nihil,
1211 1098 1329 1181 mererer
1348 1110 1377 1180 ir

533 1208 678 1280 omnibns
702 1203 864 1304 sequutus
880 1200 952 1303 fian
979 1198 1149 1299 historiar,
1174 1216 1206 1277 rr
1224 1200 1377 1299 sententiar

528 1300 693 1393 massoram
717 1302 937 1407 transgressor
967 1302 1041 1405 sun
1070 1308 1104 1379 in
1137 1306 1232 1381 nasso.
1292 1312 1377 1389 Certe

530 1406 697 1509 promissis
714 1408 816 1486 adeo
839 1407 998 1506 religiose
1031 1408 1151 1501 stetit,
1183 1423 1223 1483 vt
1249 1402 1377 1487 nassis

527 1514 598 1589 lum
631 1512 795 1602 codicem
821 1512 867 1586 A.
896 1512 938 1593 C,
972 1522 1081 1605 1358.
1122 1508 1245 1585 duabus
1283 1514 1377 1609 prinis

527 1614 775 1690 chronicorum
802 1610 951 1711 partibus
966 1612 1173 1708 diligenter,
1200 1614 1377 1691 etiamtum

526 1716 711 1792 manifestis
737 1713 938 1805 erroribus,
972 1714 1217 1815 exscripserit,
1257 1730 1296 1790 vt
1320 1718 1375 1793 ian

466 1820 470 1825 ’
524 1818 561 1893 in
594 1820 850 1918 prolegomeno
878 1815 1019 1915 praesnti
1047 1816 1163 1894 sumus.
1215 1819 1302 1894 Hinc
1322 1842 1377 1895 ma

525 1921 577 2019 gis
601 1920 701 1996 mihi·
711 1920 902 1998 Turotzius
927 1940 1004 1993 cum
1024 1918 1084 1995 suo
1113 1916 1270 2010 barbaro,
1294 1944 1375 2019 quan

526 2024 708 2099 Ranzano'r
732 2036 770 2097 et
801 2018 977 2096 Bonsrnius
1005 2042 1081 2095 corn
1122 2022 1266 2097 cultiore
1289 2024 1375 2113 stilo,

524 2128 655 2223 placet,
723 2124 883 2226 Quamuis
924 2125 1011 2199 enirn
1054 2124 1179 2200 iisdem
1218 2120 1374 2215 sontibus,

523 2230 761 2325 Hungarorum
789 2224 966 2301 chronicis
990 2224 1194 2318 veteribus,
1232 2219 1286 2302 vsr
1315 2222 1375 2301 sne·

521 2327 616 2422 rint,
653 2348 696 2403 ac
717 2320 781 2426 ipsi
809 2351 948 2430 quoque
982 2331 1170 2404 nonnullos
1196 2350 1309 2403 eorum
1333 2349 1374 2401 er·

521 2453 619 2509 rores
653 2431 894 2518 adsciuerintr
934 2432 1280 2510 Turotzimn·tarnen
1314 2431 1375 2531 plns

521 2531 642 2624 sides,
679 2557 744 2635 qua
770 2547 932 2610 veterum
955 2534 1076 2632 scripta
1115 2534 1259 2622 reddit,
1292 2555 1374 2635 quarn

520 2638 701 2733 phalerata
726 2650 921 2711 ceterorum
949 2637 1178 2740 eloquentia,
1202 2660 1266 2737 qua
1291 2659 1374 2738 qnae

519 2739 598 2812 dam
636 2735 772 2840 ninnium
809 2740 1059 2834 exaggerant,
1098 2739 1262 2842 quaedam
1306 2737 1373 2814 stilo

520 2836 684 2918 liberiore
708 2837 870 2914 confidis
894 2839 1067 2917 adiunt‘sis
1089 2855 1284 2932 exornant,
1306 2839 1375 2917 aria

464 2957 467 2962 ·
520 2955 712 3042 temporum
740 2941 898 3018 ordinem
924 2944 1049 3020 laxant
1083 2959 1123 3020 et
1150 2939 1373 3030 confundunt,

423 3083 427 3092 ·
473 3115 479 3126 ,
519 3045 745 3121 commendat
777 3065 820 3119 ac
854 3042 992 3142 probat.
1045 3043 1154 3124 Libet
1193 3069 1292 3122 vnum
1316 3047 1373 3119 hoc

517 3150 743 3244 exemplum,
770 3147 937 3248 quod'de
964 3148 1087 3228 Geisae
1114 3147 1216 3226 ducis
1239 3149 1273 3224 in
1305 3167 1374 3220 con·

509 3247 695 3341 ,uerrendis
722 3248 899 3341 Hungaris
933 3247 1046 3327 studio
1073 3251 1267 3330 Turotzius
1291 3245 1374 3324 exhi

516 3347 606 3442 bet,
631 3377 652 3427 a
674 3350 777 3428 duum
792 3391 806 3408 ·
824 3351 908 3428 viris
934 3351 1005 3428 illis
1032 3353 1233 3453 expressum
1258 3371 1372 3449 reprae-

514 3453 675 3548 sentare,
700 3467 744 3528 vt
767 3469 925 3554 quantum
948 3456 1040 3537 inter
1063 3449 1249 3536 candidam
1275 3453 1395 3530 Tura·-

515 3557 583 3637 tzii
606 3571 644 3634 et
666 3558 870 3658 phaleratam
891 3558 1045 3634 Ranzaoi
1071 3557 1291 3660 Boosrniique
1314 3575 1375 3630 nar·

513 3659 683 3736 rationem
702 3656 881 3736 discrimen
907 3655 1064 3752 interfit,
1090 3661 1227 3738 famlias
1246 3657 1374 3736 arbitre-

512 3783 597 3842 mur.
649 3755 854 3855 Raozanus',
894 3763 1070 3866 postquam
1097 3765 1257 3856 Geisam,
1279 3760 1372 3938 issem

551 4165 608 4256 (a)
629 4176 712 4238 Edit.
737 4177 825 4242 Tirn.
844 4191 879 4262 p.
902 4178 958 4260 64.
1092 4131 1098 4142 ·
