3000 4825
347 538 522 656 'DVX
550 558 625 701 ΠΙ.
832 588 915 685 341
1008 595 1014 603 ·

130 690 225 828 nuptu
248 744 381 824 regnunt
405 732 490 800 inter
518 720 646 800 Drnu'n
670 740 705 799 et
724 720 819 802 Sauo
835 701 1210 829 flumina-T?

130 835 218 910 tnui.
266 832 361 905 ulan
388 827 493 922 initur
520 828 610 906 haec
635 840 730 905 aetas
755 830 974 911 Pannoniam
1060 858 1137 928 929.

128 930 294 1014 inferiorem
328 934 499 1023 uocauit,
540 956 627 1035 quae
655 930 747 1008 Sauo
783 932 975 1037 Drauoqne

125 1032 464 1139 comprehendebatur.
527 1038 653 1139 Neque
684 1046 800 1109 tamen
833 1060 974 1118 omnem

124 1142 192 1217 unc
232 1127 440 1215 Pannoniam
468 1136 600 1217 Saniain
639 1138 808 1215 Brazsauo
835 1142 974 1238 tenuit3

123 1242 254 1319 sedeam
292 1238 499 1330 duntaxat,
527 1264 624 1343 quam
649 1240 722 1315 eius
749 1260 833 1317 auus
860 1242 976 1320 Pn'ui·

123 1368 152 1420 na
173 1341 336 1419 Ludouici
365 1341 541 1421 beneficio
568 1343 798 1442 consequutus
824 1345 885 1422 est.
914 1344 976 1427 De
1009 1385 1015 1394 ¹

122 1448 394 1533 iac'Anonymus
414 1448 460 1523 de
480 1446 639 1522 conuers.
665 1450 792 1523 Carent
814 1446 865 1523 ita
888 1448 973 1526 scri·

122 1546 172 1624 bit:
193 1548 242 1647 (a)
276 1542 447 1644 Praeann
482 1572 544 1623 rex
571 1546 734 1624 Prininae
758 1550 898 1646 aliquam
920 1554 972 1627 in·
1002 1576 1025 1599 ·’
1052 1540 1058 1556 ’

117 1650 228 1752 stiunt
250 1644 441 1727 Pannoniae
466 1654 499 1725 in
528 1649 711 1750 samnitium
732 1667 860 1751 partem
882 1657 973 1731 circu

114 1749 238 1852 fluuium,
263 1756 318 1841 nui
344 1754 465 1831 dicitur·
487 1749 582 1831 Snnu
608 1754 755 1853 (Sanan
780 1754 972 1836 leuandum

119 1855 198 1957 aliqui
229 1857 374 1955 putant)
414 1854 512 1935 Tunc
541 1860 647 1959 coepit
687 1853 732 1933 ibi
765 1858 911 1933 habitare
936 1877 972 1936 et

114 1962 243 2033 nuninen
268 1956 444 2054 aedificare
469 1964 502 2035 in
527 1962 663 2058 quodam
687 1984 819 2035 nemore
843 1978 877 2036 ct
890 1964 972 2063 palu

116 2054 219 2137 Sessese
250 2058 428 2159 fluminis,
467 2078 500 2139 et
528 2066 647 2139 citcum
680 2086 804 2161 qunque
833 2066 972 2165 populos
1052 2079 1057 2095 '

115 2186 281 2264 congregare
314 2190 356 2241 uc
392 2166 528 2243 nussiam
563 2166 713 2267 ampliari
738 2170 773 2239 in
813 2181 904 2241 terra
928 2169 970 2242 il·

113 2264 145 2343 sn
187 2268 324 2345 Terram
354 2268 521 2347 Priuinae
545 2269 737 2356 donatam,
766 2263 972 2346 Hansitzius

114 2368 289 2458 existimat,
326 2386 442 2472 partes
479 2366 654 2449 inferioris
690 2368 855 2463 stiriae,
894 2372 969 2449 Za·

110 2469 248 2570 gorienfis
292 2477 379 2551 item
430 2491 468 2553 et
517 2467 791 2552 Varasdinenfis'
825 2475 967 2574 prouin·
1168 2533 1176 2547 .

111 2573 192 2669 ciae3
237 2579 382 2654 castrum
424 2593 569 2670 autem,
610 2575 654 2652 ab
699 2576 767 2652 isso
813 2579 969 2654 constru-
1123 2596 1152 2622 ¹·

109 2673 203 2771 duum,
228 2679 318 2756 intra
360 2682 518 2760 Cisseiam
561 2695 599 2758 et
631 2678 822 2760 Petoniuun
850 2682 968 2757 coslo·
1088 2676 1094 2683 ’

109 2795 171 2871 cat,
194 2783 287 2887 quod
312 2801 400 2860 tunc
430 2781 685 2884 Mosburgum‚
712 2805 733 2856 a
758 2783 887 2882 palude
912 2782 968 2860 di·
1022 2794 1030 2815 '
1099 2791 1104 2798 “

106 2879 201 2977 siun,
237 2887 419 2964 hodierno
445 2883 586 2964 sortasse
610 2881 803 2982 Matburgo
828 2885 967 2982 respon·

108 2981 165 3068 det
210 2988 297 3094 Quia
317 3011 409 3067 vero
437 2989 616 3067 Priuinani
651 2987 841 3066 Muranum
867 2985 968 3066 fuisse

107 3089 283 3192 sitnaeque
322 3090 489 3170 habitasse
511 3092 646 3168 constat
672 3111 721 3166 ex
757 3089 889 3168 eodem
918 3091 968 3164 Α·

107 3209 255 3292 nonyn03
281 3193 434 3294 suspicor
458 3195 574 3282 issum,¹
601 3193 777 3292 postquam
803 3215 825 3265 a
847 3193 967 3283 Moy·

106 3311 203 3388 uuo,
228 3297 323 3374 duce
348 3295 601 3386 Morauorunn‚
630 3295 740 3393 pulsus
763 3290 823 3370 sub
851 3295 898 3369 Α.
926 3295 968 3372 C.

109 3403 174 3482 828.
199 3395 406 3476 inferiorum
422 3421 453 3475 a
473 3397 663 3476 Ludouico
684 3395 899 3475 Pannoniam
915 3396 967 3468 in·

106 3500 263 3576 colendam
296 3501 455 3600 accepit,
494 3526 609 3604 eoque
641 3501 793 3598 populos
819 3497 967 3573 circum·

108 3619 216 3703 quaque
257 3605 512 3704 congregauit3
560 3626 631 3679 non
666 3623 799 3700 paucos
836 3597 968 3675 ibidem

105 3696 273 3796 Mortuos,
315 3709 375 3811 qui
407 3708 530 3807 partim
567 3704 671 3804 ipsuin
705 3700 968 3806 sequebantur,

104 3819 203 3982 [artum
249 3808 423 3909 deinceps
470 3807 730 3898 euo'cabantur,
772 3801 969 3880 collocasse
1060 3886 1068 3898 ⁴

122 3929 213 4012 usque
238 3911 326 3994 huic
349 3937 487 4019 quoque
524 3909 727 3991 Pannoniae
767 3907 859 4008 parti
884 3907 969 3983 Mo·

510 4017 591 4112 Y3
863 4030 917 4085 ra·

140 4207 267 4301 (nup.
298 4219 375 4282 cun
400 4221 457 4286 aa.
485 4217 541 4286 An.
563 4217 600 4284 Ρ.
622 4217 651 4283 1.
671 4229 706 4304 p·
732 4233 803 4304 179·
