3000 4825
568 490 691 593 544,
856 464 1038 567 GEISA
1099 558 1106 567 .

278 627 489 744 Τῇ
511 690 541 741 ,4
567 629 707 711 hinnit,
734 614 787 703 sic
808 642 845 705 et
870 624 937 727 ipsi
960 620 1146 704 diffinimus
1163 626 1209 703 ita
1230 653 1359 735 qnoque,

337 720 446 848 9'74'
511 799 541 845 ,,
568 749 615 810 vt
650 732 764 807 sancia
795 726 1067 828 Saltzburgeufis
1110 726 1253 808 ecclesia
1285 736 1362 834 supe·

208 856 211 865 ·
511 903 542 947 ,,
568 835 672 911 rionis
705 834 911 936 Pannoniae
947 833 1131 933 episcopos
1165 834 1278 913 habeat
1312 830 1363 913 sus-

529 933 769 1044 ‚stagneum
797 937 918 1040 quibus
945 940 1057 1039 vique
1083 939 1151 1014 huc
1175 938 1221 1013 sui
1245 940 1365 1038 pontisi-

511 1107 541 1151 4,
568 1064 629 1117 ces
654 1038 806 1142 praeesse
844 1038 1075 1131 videbantur,
1118 1060 1194 1114 cum
1221 1052 1305 1117 tanta
1324 1056 1365 1119 'ta-

510 1210 541 1252 ,,
566 1146 670 1247 lique
695 1136 877 1227 dioecesi,
909 1144 1003 1245 quasi
1038 1142 1201 1219 hactenns
1226 1144 1271 1219 ¹in
1298 1138 1367 1219 inse·

415 1278 451 1345 ,ι
510 1312 541 1357 ,,
567 1248 660 1324 riori
698 1241 757 1323 vfi
788 1247 865 1325 sunt
903 1247 1106 1328 Pannonia:
1143 1244 1250 1321 sandtn
1272 1262 1368 1322 auten

414 1431 418 1445 ,
510 1414 542 1457 ,,
570 1343 813 1426 Lauriacensis
854 1344 1007 1427 ecclesia
1032 1350 1066 1423 in
1097 1342 1263 1425 inserioris
1295 1349 1368 1427 Pan·

510 1515 542 1562 ,,
569 1454 696 1530 noniae
723 1466 828 1555 atque
852 1449 1016 1530 Moesiae
1048 1451 1231 1547 regiones,
1255 1472 1370 1552 quarum

511 1618 542 1665 ,,
570 1556 775 1655 prouinciae
800 1554 874 1631 sunt
908 1556 1035 1632 Auaria
1074 1569 1178 1655 ‚atque
1211 1553 1370 1642 Marauia,

510 1720 542 1765 ,,
568 1661 604 1733 in
632 1659 754 1761 quibus
782 1658 914 1758 septem
939 1658 1181 1759 episcoporum
1207 1656 1395 1755 parochiae

510 1822 542 1869 ,,
564 1762 716 1863 antiquis
735 1759 950 1859 temporibus
971 1758 1252 1842 continebantur,
1274 1761 1372 1860 suique

512 1922 542 1970 ,4
570 1865 739 1941 antistites
777 1864 1111 1963 archiepiscopalem
1146 1862 1306 1962 deinceps
1329 1870 1375 1936 ha·

512 2025 543 2075 ,4
567 1965 677 2044 heaut
725 1968 953 2065 potestatem,
1008 1989 1086 2043 cum
1132 1978 1226 2040 tanta
1262 1964 1374 2066 talique

513 2128 543 2177 ,4
570 2065 762 2161 ὀιοεεείί4
790 2070 884 2171 quali
910 2070 1073 2146 haetenus
1101 2068 1138 2143 in
1163 2066 1317 2167 superiori
1330 2060 1375 2143 vsi

513 2232 544 2281 ,4
569 2173 871 2253 sunt2Pannonia.
923 2172 1055 2277 Quibus
1083 2172 1208 2273 vtique
1233 2172 1267 2248 in
1296 2190 1375 2269 pne·

428 2280 434 2291 ’
514 2339 544 2382 ,,
570 2275 685 2374 ceptis
719 2275 856 2377 insuper
901 2276 1139 2374 iniungimus,
1180 2288 1255 2369 vt,
1291 2276 1375 2350 iuxta

504 2420 545 2486 ·,,
572 2376 666 2456 beati
692 2380 856 2478 Gregorii
883 2404 990 2482 papae
1017 2380 1225 2462 decretum,
1263 2378 1400 2474 Anpsn‘

514 2543 545 2588 ,,
571 2504 646 2559 rum
671 2483 945 2586 archiepiscopis
978 2483 1172 2568 directum,
1205 2485 1289 2562 aster
1310 2467 1400 2580 illo-f

515 2642 546 2689 ,4
571 2607 676 2675 ῐιιιιι4
709 2585 771 2686 qui
795 2587 890 2684 prior
917 2579 961 2662 sit
986 2589 1022 2663 in
1046 2586 1299 2674 ordinatione,
1322 2581 1366 2681 ips
1386 2595 1400 2606 ”

514 2749 545 2791 ,4
573 2687 701 2768 etiam,
735 2687 856 2788 quoad
890 2685 1008 2773 vin'at,
1053 2679 1239 2788 prioratum
1280 2695 1380 2764 teneat

515 2851 547 2893 ,,
572 2802 612 2866 et
632 2789 669 2863 in
694 2791 832 2866 ordine.
891 2793 1039 2874 Peuitus
1066 2793 1171 2866 etiam
1195 2792 1381 2868 determina·

515 2952 547 2994 ,,
574 2891 619 2965 tis
652 2892 837 2996 Vtriusque
877 2891 1051 2972 ecclesiae
1084 2889 1382 2984 dioecefibus,'o·

515 3055 545 3097 ,,
572 2994 711 3094 nimique
758 2998 903 3080 exclusa
949 2998 1146 3078 altercandi
1182 2993 1382 3084 occasione,

514 3157 546 3196 ,,
571 3097 746 3176 monnica
781 3097 839 3176 sub
880 3101 1097 3180 distrinioue
1136 3097 1383 3184 interdicimus,

515 3259 545 3308 ,4
574 3213 621 3278 vt
647 3216 770 3304 uenter
799 3205 997 3282 earumdem
1034 3199 1260 3284 ecclefiarum
1284 3203 1383 3280 archi·

514 3360 546 3404 ,4
574 3303 757 3403 episcopus
803 3307 972 3386 inuadere
1011 3307 1152 3386 alterlus
1203 3306 1385 3410 parochiam

515 3461 547 3507 ,4
573 3407 779 3504 praesumat,
807 3415 869 3486 vel
896 3411 1166 3514 quibuscumque
1201 3413 1318 3507 iurgiis
1329 3417 1387 3481 unt

470 3553 475 3562 -
514 3510 883 3608 „disceptationibus
923 3515 1022 3616 super
1059 3515 1224 3596 diffinitis
1255 3537 1275 3588 a
1301 3507 1389 3588 nobis

509 3665 546 3712 4,
570 3613 682 3689 modo
707 3613 810 3691 rebus
836 3621 925 3695 aster
953 3625 1098 3700 alterum
1124 3619 1317 3700 sollicitare
1340 3637 1389 3686 an·

515 3769 546 3812 44
573 3716 668 3792 dent.
724 3717 790 3793 His
821 3721 926 3818 igitur
959 3723 1113 3815 sedatis,
1162 3717 1390 3800 venerabilem

466 3845 468 3849 ·
515 3815 780 3916 „confratrem
808 3825 958 3900 nostrum
994 3828 1201 3924 Piligrinum
1229 3818 1389 3915 archiepi·

514 3971 547 4018 ,4
572 3921 737 4023 scopum,
778 3927 960 4004 canonicis
985 3932 1110 4008 litteris
1143 3929 1323 4006 munitum,
1349 3920 1390 3996 se.

516 4073 547 4120 44
572 4025 612 4102 di
639 4027 773 4108 hastae
799 4029 1038 4112 Lauriacenfis
1064 4027 1242 4114 ecclefiae
1269 4030 1389 4104 inthro-

462 4167 480 4194 ·-
1244 4181 1274 4228 ,4
1303 4154 1349 4205 ιιι·
