3000 4825
564 564 679 675 ¹410
810 583 814 591 ’
871 546 1076 647 10sz

303 698 508 815 ἿΤ
526 714 621 803 ricae
655 739 726 789 non
761 713 977 816 assequutus,
1019 723 1241 812 argumentum
1273 744 1316 797 ex
1335 750 1367 800 ea

364 838 446 912 948.
528 821 637 898 ninus
662 816 797 893 firmum
823 811 1029 915 exsculpfit.
1055 818 1159 925 Quod
1182 826 1286 896 autem
1310 848 1369 921 pars

526 923 587 999 iila
613 942 683 996 non
712 922 908 1015 Hungaria,
939 920 999 997 ied
1024 914 1266 999 Transsiluania‘
1284 926 1370 1002 hodio

526 1040 703 1113 vocetur,
731 1025 817 1097 nihil
843 1018 981 1112 officim,
1007 1046 1108 1123 quum
1137 1025 1236 1099 etiam
1271 1025 1370 1103 Trani-

494 1122 648 1203 'iiluani
688 1126 795 1225 patria
835 1127 952 1227 lingua
984 1124 1184 1228 Mugyori,
1216 1128 1268 1203 seu
1293 1130 1369 1203 Hun-

524 1233 621 1325 gari,
662 1243 862 1316 vocentur,
910 1252 986 1327 pars
1018 1255 1157 1331 quoque
1204 1232 1371 1325 Hungariae

523 1330 870 1415 trans-Danubiana,
912 1333 1013 1427 saepe
1060 1332 1235 1412 Pannonia
1276 1336 1373 1408 veteri

523 1432 709 1511 vocabulo
735 1434 887 1525 dicitnr,
922 1437 1003 1537 quin
1030 1450 1143 1510 tamen
1158 1474 1161 1478 ·
1178 1434 1257 1508 inde
1280 1432 1371 1535 [equa-

524 1548 608 1629 tur,
633 1536 771 1611 incolas
795 1539 868 1611 eius
895 1540 1078 1633 Hungaros
1106 1562 1175 1612 non
1201 1536 1274 1612 elie.
1326 1534 1370 1617 Ad
1397 1601 1398 1606 ,

523 1641 754 1740 Curopaiatae
788 1641 1006 1742 Cedreuique
1040 1639 1296 1729 testimonium,
1326 1640 1398 1736 qui,

522 1740 760 1821 Patzinacitas
778 1742 872 1817 aiunt
892 1746 1156 1843 aBorysthene
1178 1736 1282 1815 fluuio
1300 1761 1371 1813 can·
1396 1761 1398 1842 Ι

521 1868 615 1943 pos,
642 1844 687 1920 ad
715 1844 927 1923 Pannoniam
961 1846 1069 1947 vique
1107 1844 1306 1947 porrectos,
1328 1842 1368 1914 in·
1396 1851 1398 1913 i

519 1950 667 2037 colere,
707 1946 824 2023 facins
848 1948 899 2023 est
931 1943 1143 2045 responfio,
1169 1949 1298 2022 muitum
1322 1965 1370 2019 eor

518 2048 653 2127 dicere·
706 2050 802 2125 Hinc
824 2045 915 2124 enim
940 2048 1169 2151 sequeretur,
1199 2042 1370 2126 Patzinaci·

519 2164 593 2235 tas,
621 2150 787 2256 quicquid
812 2166 903 2227 trans
934 2152 1165 2242 Danubium,
1192 2148 1370 2228 Pannoniae

518 2256 728 2346 terminum,
766 2268 865 2337 erat,
901 2253 1114 2343 incoluisse3
1152 2276 1250 2358 quum
1275 2266 1368 2325 tannen

463 2378 465 2387 ’
518 2356 851 2456 Porphyrogenntus
889 2380 951 2458 per
975 2351 1133 2450 fluuios,
1161 2374 1249 2434 trans
1272 2352 1368 2428 Danu·

504 2455 609 2536 ,bium
644 2480 686 2532 ac
724 2459 840 2538 etiam
861 2457 895 2533 in
930 2455 1183 2537 Tranffiluania
1214 2458 1372 2534 decurren-

516 2575 591 2651 tes,
621 2561 860 2658 Hungarorum
885 2563 1065 2657 regionem
1092 2559 1262 2662 defignet.
1308 2508 1397 2663 Sui-i

515 2663 576 2735 das
602 2683 746 2758 porro,
775 2663 895 2737 Dacos
917 2663 978 2738 suo
1011 2679 1172 2765 tempore
1198 2656 1370 2744 Patzinaci·

517 2777 568 2837 tas
595 2779 746 2840 vocatos
779 2763 899 2847 tuisse,
935 2788 1026 2843 vere
1061 2771 1192 2856 dixit3
1220 2787 1290 2841 nam
1313 2762 1397 2838 Dus

514 2864 570 2940 cia
595 2879 698 2942 vetus
735 2869 839 2944 etiam
869 2866 1122 2964 Moldauiam,
1153 2893 1249 2974 quam
1273 2889 1291 2941 a
1316 2865 1368 2942 Pa·
1395 2894 1396 2915 ¹

513 2967 689 3046 tzinacitis
715 2983 919 3074 occupatam
945 2965 1044 3049 iuiffe
1070 2975 1272 3060 docuimus,
1291 2985 1368 3041 con·
1395 3008 1396 3071 f

498 3070 741 3169 ‘plectebatur
794 3077 925 3163 Certe,
955 3067 983 3148 sn
1010 3076 1254 3154 Patzinacitae
1278 3084 1367 3144 tutan

512 3186 675 3250 ueterem
695 3173 838 3252 Daciam
863 3173 1116 3266 obtinuiffent3
1144 3180 1191 3254 ad
1214 3172 1368 3252 Tibiscum

511 3273 643 3376 nsque,
672 3279 731 3380 qui
765 3277 896 3354 veteris
923 3278 1057 3356 Daciae
1092 3282 1257 3370 terminus
1282 3286 1368 3357 ent,

510 3379 681 3454 ditionem
710 3379 795 3454 suain
815 3395 980 3469 ,contra
1006 3378 1307 3484 Porphyrogeniti
1329 3390 1369 3446 te·

510 3481 702 3556 stimonium
721 3535 734 3570 ,
753 3482 860 3580 inope
885 3483 953 3559 iam
981 3486 1188 3572 laudatum,
1217 3471 1371 3559 extendis·

510 3581 595 3660 sent.
676 3589 786 3690 Quum
820 3584 928 3677 igitur
962 3611 1032 3660 non
1072 3611 1209 3663 omnem
1245 3580 1369 3659 Daciam

511 3684 750 3764 Patzinacitae
790 3687 1029 3786 poffederint,
1066 3692 1156 3765 licet
1189 3685 1291 3788 aliqui
1314 3681 1367 3758 Pa·

512 3792 698 3866 tzinacitae
714 3790 806 3866 Daci
832 3787 983 3884 inerint3
1011 3815 1082 3865 non
1109 3813 1231 3866 omnes
1257 3803 1366 3867 tamem

509 3888 641 3966 Daciae
676 3899 810 3968 veteris
849 3894 1018 3983 incolae,
1047 3893 1286 3970 Patzinacitae
1311 3907 1364 3960 vo

473 4057 476 4065 ,
511 3994 582 4068 cari
614 4007 809 4094 poteraot3
853 3993 948 4071 secus
982 3996 1073 4073 enim
1111 3995 1265 4094 Hungari
1295 4009 1365 4090 quo·

1250 4118 1325 4197 quer
