<?xml version="1.0" encoding="UTF-8"?>
<!DOCTYPE html PUBLIC "-//W3C//DTD XHTML 1.0 Transitional//EN"
    "http://www.w3.org/TR/xhtml1/DTD/xhtml1-transitional.dtd">
<html xmlns="http://www.w3.org/1999/xhtml" xml:lang="en" lang="en">
 <head>
  <title>
</title>
<meta http-equiv="Content-Type" content="text/html;charset=utf-8" />
  <meta name='ocr-system' content='tesseract 3.04.00' />
  <meta name='ocr-capabilities' content='ocr_page ocr_carea ocr_par ocr_line ocrx_word'/>
</head>
<body>
  <div class='ocr_page' id='page_1' title='image "./historiacritica00katogoog_0488.png"; bbox 0 0 3000 4825; ppageno 0'>
   <div class='ocr_carea' id='block_1_1' title="bbox 104 686 1217 4009">
    <p class='ocr_par' dir='ltr' id='par_1_1' title="bbox 118 686 1217 2051">
     <span class='ocr_line' id='line_1_1' title="bbox 128 686 1217 817; baseline 0.002 -26"><span class='ocrx_word' id='word_1_1' title='bbox 128 713 292 795; x_wconf 75' lang='lat' dir='ltr'><em>mentionem</em></span> <span class='ocrx_word' id='word_1_2' title='bbox 313 702 440 813; x_wconf 66' lang='lat' dir='ltr'>siffluri</span> <span class='ocrx_word' id='word_1_3' title='bbox 467 728 600 788; x_wconf 77' lang='lat' dir='ltr'>meteret</span> <span class='ocrx_word' id='word_1_4' title='bbox 627 696 741 797; x_wconf 78' lang='lat' dir='ltr'>erent,</span> <span class='ocrx_word' id='word_1_5' title='bbox 777 726 818 788; x_wconf 80' lang='lat' dir='ltr'>ut</span> <span class='ocrx_word' id='word_1_6' title='bbox 844 708 990 793; x_wconf 77' lang='lat' dir='ltr'>Ottonie</span> <span class='ocrx_word' id='word_1_7' title='bbox 1011 686 1217 817; x_wconf 41' lang='lat' dir='ltr'>ff?</span> 
     </span>
     <span class='ocr_line' id='line_1_2' title="bbox 126 810 1150 920; baseline 0.004 -25"><span class='ocrx_word' id='word_1_8' title='bbox 126 822 244 920; x_wconf 72' lang='lat' dir='ltr'>gloriam</span> <span class='ocrx_word' id='word_1_9' title='bbox 272 840 292 889; x_wconf 87' lang='lat' dir='ltr'><em>a</em></span> <span class='ocrx_word' id='word_1_10' title='bbox 313 816 399 916; x_wconf 77' lang='lat' dir='ltr'>capti</span> <span class='ocrx_word' id='word_1_11' title='bbox 423 820 513 916; x_wconf 81' lang='lat' dir='ltr'>regin</span> <span class='ocrx_word' id='word_1_12' title='bbox 539 832 642 890; x_wconf 82' lang='lat' dir='ltr'>morte</span> <span class='ocrx_word' id='word_1_13' title='bbox 666 810 805 914; x_wconf 80' lang='lat' dir='ltr'>posteris</span> <span class='ocrx_word' id='word_1_14' title='bbox 827 831 987 895; x_wconf 74' lang='lat' dir='ltr'>commen·</span> <span class='ocrx_word' id='word_1_15' title='bbox 1072 851 1150 917; x_wconf 74' lang='lat'>955·</span> 
     </span>
     <span class='ocr_line' id='line_1_3' title="bbox 125 918 1061 1014; baseline 0.001 -15"><span class='ocrx_word' id='word_1_16' title='bbox 125 925 230 999; x_wconf 81' lang='lat' dir='ltr'>iurent.</span> <span class='ocrx_word' id='word_1_17' title='bbox 279 922 359 996; x_wconf 88' lang='lat' dir='ltr'>Nec</span> <span class='ocrx_word' id='word_1_18' title='bbox 385 918 453 995; x_wconf 79' lang='lat' dir='ltr'>alia</span> <span class='ocrx_word' id='word_1_19' title='bbox 478 920 562 995; x_wconf 89' lang='lat' dir='ltr'>mihi</span> <span class='ocrx_word' id='word_1_20' title='bbox 586 920 731 996; x_wconf 84' lang='lat' dir='ltr'>videtur</span> <span class='ocrx_word' id='word_1_21' title='bbox 759 919 897 1014; x_wconf 74' lang='lat' dir='ltr'>cremisa,</span> <span class='ocrx_word' id='word_1_22' title='bbox 923 944 988 1000; x_wconf 87' lang='lat' dir='ltr'>cur</span> <span class='ocrx_word' id='word_1_23' title='bbox 1058 978 1061 985; x_wconf 86' lang='lat'>-</span> 
     </span>
     <span class='ocr_line' id='line_1_4' title="bbox 124 1015 985 1125; baseline -0.001 -23"><span class='ocrx_word' id='word_1_24' title='bbox 124 1024 223 1102; x_wconf 82' lang='lat' dir='ltr'>exteri</span> <span class='ocrx_word' id='word_1_25' title='bbox 244 1015 361 1123; x_wconf 83' lang='lat' dir='ltr'>pnffim</span> <span class='ocrx_word' id='word_1_26' title='bbox 387 1024 449 1099; x_wconf 88' lang='lat' dir='ltr'>vel</span> <span class='ocrx_word' id='word_1_27' title='bbox 479 1044 619 1121; x_wconf 77' lang='lat' dir='ltr'>regem,</span> <span class='ocrx_word' id='word_1_28' title='bbox 661 1025 723 1099; x_wconf 84' lang='lat' dir='ltr'>vel</span> <span class='ocrx_word' id='word_1_29' title='bbox 751 1022 855 1098; x_wconf 81' lang='lat' dir='ltr'>etiarn</span> <span class='ocrx_word' id='word_1_30' title='bbox 882 1038 985 1125; x_wconf 78' lang='lat' dir='ltr'>reges</span> 
     </span>
     <span class='ocr_line' id='line_1_5' title="bbox 124 1120 985 1225; baseline 0.001 -21"><span class='ocrx_word' id='word_1_31' title='bbox 124 1130 344 1225; x_wconf 83' lang='lat' dir='ltr'>Hungurorum</span> <span class='ocrx_word' id='word_1_32' title='bbox 388 1136 513 1224; x_wconf 84' lang='lat' dir='ltr'>captos</span> <span class='ocrx_word' id='word_1_33' title='bbox 546 1138 584 1203; x_wconf 89' lang='lat' dir='ltr'>et</span> <span class='ocrx_word' id='word_1_34' title='bbox 627 1125 786 1223; x_wconf 82' lang='lat' dir='ltr'>patibulo</span> <span class='ocrx_word' id='word_1_35' title='bbox 834 1120 985 1205; x_wconf 77' lang='lat' dir='ltr'>suffixos</span> 
     </span>
     <span class='ocr_line' id='line_1_6' title="bbox 123 1226 985 1330; baseline 0.005 -27"><span class='ocrx_word' id='word_1_36' title='bbox 123 1228 205 1307; x_wconf 83' lang='lat' dir='ltr'>iuiiie</span> <span class='ocrx_word' id='word_1_37' title='bbox 234 1226 405 1316; x_wconf 76' lang='lat' dir='ltr'>scribent,</span> <span class='ocrx_word' id='word_1_38' title='bbox 449 1252 550 1330; x_wconf 87' lang='lat' dir='ltr'>qunm</span> <span class='ocrx_word' id='word_1_39' title='bbox 576 1240 620 1303; x_wconf 79' lang='lat' dir='ltr'>ut</span> <span class='ocrx_word' id='word_1_40' title='bbox 656 1227 804 1305; x_wconf 79' lang='lat' dir='ltr'>Ottonis·</span> <span class='ocrx_word' id='word_1_41' title='bbox 835 1230 985 1309; x_wconf 72' lang='lat' dir='ltr'>ermom</span> 
     </span>
     <span class='ocr_line' id='line_1_7' title="bbox 124 1329 980 1432; baseline 0.007 -27"><span class='ocrx_word' id='word_1_42' title='bbox 124 1333 246 1429; x_wconf 78' lang='lat' dir='ltr'>gloriam</span> <span class='ocrx_word' id='word_1_43' title='bbox 272 1354 324 1407; x_wconf 88' lang='lat' dir='ltr'>ex</span> <span class='ocrx_word' id='word_1_44' title='bbox 362 1329 532 1428; x_wconf 80' lang='lat' dir='ltr'>dignitate</span> <span class='ocrx_word' id='word_1_45' title='bbox 569 1331 787 1431; x_wconf 80' lang='lat' dir='ltr'>captiuorum</span> <span class='ocrx_word' id='word_1_46' title='bbox 810 1347 980 1432; x_wconf 71' lang='lat' dir='ltr'>&#39;augeant</span> 
     </span>
     <span class='ocr_line' id='line_1_8' title="bbox 122 1428 986 1534; baseline 0.003 -24"><span class='ocrx_word' id='word_1_47' title='bbox 122 1432 306 1533; x_wconf 80' lang='lat' dir='ltr'>Hepidnnus</span> <span class='ocrx_word' id='word_1_48' title='bbox 340 1445 379 1511; x_wconf 88' lang='lat' dir='ltr'>et</span> <span class='ocrx_word' id='word_1_49' title='bbox 411 1428 581 1534; x_wconf 67' lang='lat' dir='ltr'>mmmm,</span> <span class='ocrx_word' id='word_1_50' title='bbox 633 1434 691 1511; x_wconf 87' lang='lat' dir='ltr'>seu</span> <span class='ocrx_word' id='word_1_51' title='bbox 734 1432 906 1528; x_wconf 67' lang='lat' dir='ltr'>Euhium,</span> <span class='ocrx_word' id='word_1_52' title='bbox 946 1452 986 1515; x_wconf 86' lang='lat' dir='ltr'>et</span> 
     </span>
     <span class='ocr_line' id='line_1_9' title="bbox 120 1526 983 1637; baseline 0.007 -26"><span class='ocrx_word' id='word_1_53' title='bbox 120 1526 235 1621; x_wconf 76' lang='lat' dir='ltr'>Lenem,</span> <span class='ocrx_word' id='word_1_54' title='bbox 259 1536 317 1613; x_wconf 84' lang='lat' dir='ltr'>ieu</span> <span class='ocrx_word' id='word_1_55' title='bbox 345 1537 552 1633; x_wconf 80' lang='lat' dir='ltr'>Lehelium,</span> <span class='ocrx_word' id='word_1_56' title='bbox 586 1558 687 1634; x_wconf 80' lang='lat' dir='ltr'>reges</span> <span class='ocrx_word' id='word_1_57' title='bbox 712 1540 898 1637; x_wconf 61' lang='lat' dir='ltr'>appellen</span> <span class='ocrx_word' id='word_1_58' title='bbox 932 1543 983 1617; x_wconf 81' lang='lat' dir='ltr'>A·</span> 
     </span>
     <span class='ocr_line' id='line_1_10' title="bbox 120 1636 1084 1744; baseline 0.011 -33"><span class='ocrx_word' id='word_1_59' title='bbox 120 1641 259 1715; x_wconf 82' lang='lat' dir='ltr'>uentinus</span> <span class='ocrx_word' id='word_1_60' title='bbox 307 1636 529 1715; x_wconf 71' lang='lat' dir='ltr'>Burnum</span> <span class='ocrx_word' id='word_1_61' title='bbox 563 1640 703 1744; x_wconf 89' lang='lat' dir='ltr'>quidem</span> <span class='ocrx_word' id='word_1_62' title='bbox 739 1662 885 1737; x_wconf 73' lang='lat' dir='ltr'>regem,</span> <span class='ocrx_word' id='word_1_63' title='bbox 921 1642 984 1721; x_wconf 83' lang='lat' dir='ltr'>sed</span> <span class='ocrx_word' id='word_1_64' title='bbox 1080 1714 1084 1721; x_wconf 92' lang='lat'>.</span> 
     </span>
     <span class='ocr_line' id='line_1_11' title="bbox 120 1738 983 1840; baseline 0.006 -23"><span class='ocrx_word' id='word_1_65' title='bbox 120 1738 234 1819; x_wconf 84' lang='lat' dir='ltr'>Lriium</span> <span class='ocrx_word' id='word_1_66' title='bbox 273 1764 358 1837; x_wconf 77' lang='lat' dir='ltr'>curn</span> <span class='ocrx_word' id='word_1_67' title='bbox 388 1746 520 1821; x_wconf 82' lang='lat' dir='ltr'>ceteris</span> <span class='ocrx_word' id='word_1_68' title='bbox 552 1747 706 1840; x_wconf 80' lang='lat' dir='ltr'>regulum</span> <span class='ocrx_word' id='word_1_69' title='bbox 736 1760 869 1839; x_wconf 78' lang='lat' dir='ltr'>vocat3</span> <span class='ocrx_word' id='word_1_70' title='bbox 903 1742 983 1822; x_wconf 61' lang='lat' dir='ltr'>bio⁴</span> 
     </span>
     <span class='ocr_line' id='line_1_12' title="bbox 118 1839 983 1949; baseline 0.008 -30"><span class='ocrx_word' id='word_1_71' title='bbox 118 1850 240 1945; x_wconf 77' lang='lat' dir='ltr'>graphus</span> <span class='ocrx_word' id='word_1_72' title='bbox 274 1846 310 1923; x_wconf 87' lang='lat' dir='ltr'>S.</span> <span class='ocrx_word' id='word_1_73' title='bbox 349 1848 502 1924; x_wconf 83' lang='lat' dir='ltr'>Henrici</span> <span class='ocrx_word' id='word_1_74' title='bbox 532 1839 670 1921; x_wconf 84' lang='lat' dir='ltr'>Leiium</span> <span class='ocrx_word' id='word_1_75' title='bbox 706 1856 744 1922; x_wconf 88' lang='lat' dir='ltr'>et</span> <span class='ocrx_word' id='word_1_76' title='bbox 761 1844 886 1949; x_wconf 82' lang='lat' dir='ltr'>··Affur</span> <span class='ocrx_word' id='word_1_77' title='bbox 920 1871 983 1949; x_wconf 87' lang='lat' dir='ltr'>pe·</span> 
     </span>
     <span class='ocr_line' id='line_1_13' title="bbox 118 1948 984 2051; baseline 0.009 -30"><span class='ocrx_word' id='word_1_78' title='bbox 118 1952 350 2051; x_wconf 82' lang='lat' dir='ltr'>neque&#39;reges</span> <span class='ocrx_word' id='word_1_79' title='bbox 375 1948 490 2041; x_wconf 64' lang='lat' dir='ltr'>iacit,</span> <span class='ocrx_word' id='word_1_80' title='bbox 524 1964 560 2025; x_wconf 83' lang='lat' dir='ltr'>at</span> <span class='ocrx_word' id='word_1_81' title='bbox 591 1948 790 2025; x_wconf 86' lang='lat' dir='ltr'>chronicon</span> <span class='ocrx_word' id='word_1_82' title='bbox 820 1951 984 2046; x_wconf 53' lang='lat' dir='ltr'>‚Baioari-</span> 
     </span>
    </p>

    <p class='ocr_par' dir='ltr' id='par_1_2' title="bbox 116 2044 983 2361">
     <span class='ocr_line' id='line_1_14' title="bbox 118 2044 983 2155; baseline 0.003 -28"><span class='ocrx_word' id='word_1_83' title='bbox 118 2050 164 2127; x_wconf 88' lang='lat' dir='ltr'>um</span> <span class='ocrx_word' id='word_1_84' title='bbox 182 2049 248 2127; x_wconf 89' lang='lat' dir='ltr'>Sur</span> <span class='ocrx_word' id='word_1_85' title='bbox 274 2052 416 2155; x_wconf 87' lang='lat' dir='ltr'>quidem</span> <span class='ocrx_word' id='word_1_86' title='bbox 454 2046 571 2151; x_wconf 79' lang='lat' dir='ltr'>regin;</span> <span class='ocrx_word' id='word_1_87' title='bbox 611 2044 700 2127; x_wconf 75' lang='lat' dir='ltr'>Beer</span> <span class='ocrx_word' id='word_1_88' title='bbox 731 2067 847 2128; x_wconf 82' lang='lat' dir='ltr'>autern</span> <span class='ocrx_word' id='word_1_89' title='bbox 880 2054 983 2131; x_wconf 82' lang='lat' dir='ltr'>ducis</span> 
     </span>
     <span class='ocr_line' id='line_1_15' title="bbox 117 2154 982 2254; baseline 0.003 -26"><span class='ocrx_word' id='word_1_90' title='bbox 117 2155 202 2243; x_wconf 85' lang='lat' dir='ltr'>titulo</span> <span class='ocrx_word' id='word_1_91' title='bbox 227 2156 473 2244; x_wconf 69' lang='lat' dir='ltr'>condecoratr</span> <span class='ocrx_word' id='word_1_92' title='bbox 508 2168 680 2233; x_wconf 83' lang='lat' dir='ltr'>ettamen</span> <span class='ocrx_word' id='word_1_93' title='bbox 714 2154 844 2254; x_wconf 79' lang='lat' dir='ltr'>septem</span> <span class='ocrx_word' id='word_1_94' title='bbox 882 2160 982 2235; x_wconf 75' lang='lat' dir='ltr'>Hun-</span> 
     </span>
     <span class='ocr_line' id='line_1_16' title="bbox 116 2255 982 2361; baseline 0.003 -29"><span class='ocrx_word' id='word_1_95' title='bbox 116 2276 249 2351; x_wconf 72' lang='lat' dir='ltr'>gnrorum</span> <span class='ocrx_word' id='word_1_96' title='bbox 275 2280 381 2353; x_wconf 80' lang='lat' dir='ltr'>regen</span> <span class='ocrx_word' id='word_1_97' title='bbox 411 2255 568 2361; x_wconf 79' lang='lat' dir='ltr'>patibulo</span> <span class='ocrx_word' id='word_1_98' title='bbox 601 2258 713 2335; x_wconf 79' lang='lat' dir='ltr'>crucis</span> <span class='ocrx_word' id='word_1_99' title='bbox 750 2258 920 2357; x_wconf 78' lang='lat' dir='ltr'>appensos</span> <span class='ocrx_word' id='word_1_100' title='bbox 944 2260 982 2335; x_wconf 90' lang='lat' dir='ltr'>in</span> 
     </span>
    </p>

    <p class='ocr_par' dir='ltr' id='par_1_3' title="bbox 114 2354 1019 2670">
     <span class='ocr_line' id='line_1_17' title="bbox 115 2354 983 2456; baseline 0.008 -23"><span class='ocrx_word' id='word_1_101' title='bbox 115 2354 172 2438; x_wconf 87' lang='lat' dir='ltr'>fine</span> <span class='ocrx_word' id='word_1_102' title='bbox 193 2360 350 2455; x_wconf 85' lang='lat' dir='ltr'>subiicit,</span> <span class='ocrx_word' id='word_1_103' title='bbox 392 2384 436 2438; x_wconf 82' lang='lat' dir='ltr'>nc</span> <span class='ocrx_word' id='word_1_104' title='bbox 473 2358 599 2439; x_wconf 83' lang='lat' dir='ltr'>iterum</span> <span class='ocrx_word' id='word_1_105' title='bbox 634 2376 671 2438; x_wconf 89' lang='lat' dir='ltr'>et</span> <span class='ocrx_word' id='word_1_106' title='bbox 702 2382 903 2456; x_wconf 84' lang='lat' dir='ltr'>numerum,</span> <span class='ocrx_word' id='word_1_107' title='bbox 942 2376 983 2440; x_wconf 86' lang='lat' dir='ltr'>et</span> 
     </span>
     <span class='ocr_line' id='line_1_18' title="bbox 114 2461 1019 2568; baseline 0.003 -30"><span class='ocrx_word' id='word_1_108' title='bbox 114 2461 229 2542; x_wconf 87' lang='lat' dir='ltr'>titulum</span> <span class='ocrx_word' id='word_1_109' title='bbox 263 2487 385 2564; x_wconf 83' lang='lat' dir='ltr'>regum</span> <span class='ocrx_word' id='word_1_110' title='bbox 418 2468 590 2565; x_wconf 81' lang='lat' dir='ltr'>corrigit,</span> <span class='ocrx_word' id='word_1_111' title='bbox 636 2485 739 2568; x_wconf 91' lang='lat' dir='ltr'>quum</span> <span class='ocrx_word' id='word_1_112' title='bbox 791 2465 876 2541; x_wconf 79' lang='lat' dir='ltr'>alibi</span> <span class='ocrx_word' id='word_1_113' title='bbox 909 2478 982 2543; x_wconf 81' lang='lat' dir='ltr'>trec</span> <span class='ocrx_word' id='word_1_114' title='bbox 1003 2501 1019 2523; x_wconf 92' lang='lat'>··</span> 
     </span>
     <span class='ocr_line' id='line_1_19' title="bbox 115 2565 982 2670; baseline 0.003 -30"><span class='ocrx_word' id='word_1_115' title='bbox 115 2577 223 2643; x_wconf 81' lang='lat' dir='ltr'>ertum</span> <span class='ocrx_word' id='word_1_116' title='bbox 255 2585 357 2670; x_wconf 75' lang='lat' dir='ltr'>reges</span> <span class='ocrx_word' id='word_1_117' title='bbox 388 2565 515 2661; x_wconf 80' lang='lat' dir='ltr'>fuiiie,</span> <span class='ocrx_word' id='word_1_118' title='bbox 541 2565 626 2645; x_wconf 82' lang='lat' dir='ltr'>aiibi</span> <span class='ocrx_word' id='word_1_119' title='bbox 656 2573 723 2644; x_wconf 84' lang='lat' dir='ltr'>hos</span> <span class='ocrx_word' id='word_1_120' title='bbox 749 2565 821 2645; x_wconf 75' lang='lat' dir='ltr'>nun</span> <span class='ocrx_word' id='word_1_121' title='bbox 853 2589 982 2666; x_wconf 79' lang='lat' dir='ltr'>reges,</span> 
     </span>
    </p>

    <p class='ocr_par' dir='ltr' id='par_1_4' title="bbox 107 2667 1091 3184">
     <span class='ocr_line' id='line_1_20' title="bbox 111 2667 981 2774; baseline 0.008 -32"><span class='ocrx_word' id='word_1_122' title='bbox 111 2667 158 2745; x_wconf 82' lang='lat' dir='ltr'>ind</span> <span class='ocrx_word' id='word_1_123' title='bbox 180 2683 305 2750; x_wconf 82' lang='lat' dir='ltr'>tanturn</span> <span class='ocrx_word' id='word_1_124' title='bbox 334 2673 508 2773; x_wconf 79' lang='lat' dir='ltr'>principes</span> <span class='ocrx_word' id='word_1_125' title='bbox 538 2673 770 2774; x_wconf 79' lang='lat' dir='ltr'>appellandos</span> <span class='ocrx_word' id='word_1_126' title='bbox 794 2670 888 2762; x_wconf 78' lang='lat' dir='ltr'>effe‚</span> <span class='ocrx_word' id='word_1_127' title='bbox 925 2673 981 2749; x_wconf 72' lang='lat' dir='ltr'>le·</span> 
     </span>
     <span class='ocr_line' id='line_1_21' title="bbox 111 2773 980 2866; baseline 0.002 -16"><span class='ocrx_word' id='word_1_128' title='bbox 111 2786 198 2866; x_wconf 77' lang='lat' dir='ltr'>gutur.</span> <span class='ocrx_word' id='word_1_129' title='bbox 249 2777 320 2856; x_wconf 82' lang='lat' dir='ltr'>His</span> <span class='ocrx_word' id='word_1_130' title='bbox 366 2777 417 2852; x_wconf 80' lang='lat' dir='ltr'>ita</span> <span class='ocrx_word' id='word_1_131' title='bbox 454 2773 751 2866; x_wconf 65' lang='lat' dir='ltr'>distendentibus,</span> <span class='ocrx_word' id='word_1_132' title='bbox 796 2797 841 2851; x_wconf 82' lang='lat' dir='ltr'>ac</span> <span class='ocrx_word' id='word_1_133' title='bbox 883 2773 980 2852; x_wconf 76' lang='lat' dir='ltr'>circa</span> 
     </span>
     <span class='ocr_line' id='line_1_22' title="bbox 110 2870 980 2982; baseline 0.007 -35"><span class='ocrx_word' id='word_1_134' title='bbox 110 2897 260 2956; x_wconf 78' lang='lat' dir='ltr'>numerum</span> <span class='ocrx_word' id='word_1_135' title='bbox 288 2891 329 2958; x_wconf 90' lang='lat' dir='ltr'>et</span> <span class='ocrx_word' id='word_1_136' title='bbox 356 2879 493 2957; x_wconf 91' lang='lat' dir='ltr'>titulum</span> <span class='ocrx_word' id='word_1_137' title='bbox 519 2874 780 2982; x_wconf 77' lang='lat' dir='ltr'>interfectorum</span> <span class='ocrx_word' id='word_1_138' title='bbox 807 2870 980 2954; x_wconf 62' lang='lat' dir='ltr'>flumuan·</span> 
     </span>
     <span class='ocr_line' id='line_1_23' title="bbox 111 2975 1091 3079; baseline 0 -27"><span class='ocrx_word' id='word_1_139' title='bbox 111 2975 206 3074; x_wconf 78' lang='lat' dir='ltr'>tibus,</span> <span class='ocrx_word' id='word_1_140' title='bbox 242 2983 347 3060; x_wconf 78' lang='lat' dir='ltr'>nobis</span> <span class='ocrx_word' id='word_1_141' title='bbox 372 2999 504 3068; x_wconf 84' lang='lat' dir='ltr'>certum</span> <span class='ocrx_word' id='word_1_142' title='bbox 528 2981 600 3074; x_wconf 81' lang='lat' dir='ltr'>est,</span> <span class='ocrx_word' id='word_1_143' title='bbox 637 2982 769 3057; x_wconf 88' lang='lat' dir='ltr'>nuilurn</span> <span class='ocrx_word' id='word_1_144' title='bbox 795 2981 831 3056; x_wconf 89' lang='lat' dir='ltr'>in</span> <span class='ocrx_word' id='word_1_145' title='bbox 859 2981 979 3079; x_wconf 80' lang='lat' dir='ltr'>Augu·</span> <span class='ocrx_word' id='word_1_146' title='bbox 1085 3023 1091 3044; x_wconf 59' lang='grc' dir='ltr'>ι</span> 
     </span>
     <span class='ocr_line' id='line_1_24' title="bbox 107 3083 979 3184; baseline 0.001 -27"><span class='ocrx_word' id='word_1_147' title='bbox 107 3083 182 3162; x_wconf 73' lang='lat' dir='ltr'>stant</span> <span class='ocrx_word' id='word_1_148' title='bbox 202 3088 309 3164; x_wconf 85' lang='lat' dir='ltr'>clade</span> <span class='ocrx_word' id='word_1_149' title='bbox 329 3109 447 3184; x_wconf 84' lang='lat' dir='ltr'>regern</span> <span class='ocrx_word' id='word_1_150' title='bbox 475 3087 713 3182; x_wconf 80' lang='lat' dir='ltr'>Hungarorurn</span> <span class='ocrx_word' id='word_1_151' title='bbox 741 3084 821 3182; x_wconf 78' lang='lat' dir='ltr'>capi</span> <span class='ocrx_word' id='word_1_152' title='bbox 846 3083 979 3181; x_wconf 88' lang='lat' dir='ltr'>potuis·</span> 
     </span>
    </p>

    <p class='ocr_par' dir='ltr' id='par_1_5' title="bbox 107 3180 979 3397">
     <span class='ocr_line' id='line_1_25' title="bbox 108 3180 979 3300; baseline 0.007 -43"><span class='ocrx_word' id='word_1_153' title='bbox 108 3180 151 3275; x_wconf 84' lang='lat' dir='ltr'>ie,</span> <span class='ocrx_word' id='word_1_154' title='bbox 173 3191 280 3290; x_wconf 79' lang='lat' dir='ltr'>¹quoti</span> <span class='ocrx_word' id='word_1_155' title='bbox 320 3191 434 3266; x_wconf 84' lang='lat' dir='ltr'>nullus</span> <span class='ocrx_word' id='word_1_156' title='bbox 477 3200 558 3268; x_wconf 83' lang='lat' dir='ltr'>ante</span> <span class='ocrx_word' id='word_1_157' title='bbox 584 3186 630 3300; x_wconf 74' lang='lat' dir='ltr'>S,</span> <span class='ocrx_word' id='word_1_158' title='bbox 660 3188 891 3284; x_wconf 75' lang='lat' dir='ltr'>Stephanum,</span> <span class='ocrx_word' id='word_1_159' title='bbox 930 3200 979 3263; x_wconf 83' lang='lat' dir='ltr'>vt</span> 
     </span>
     <span class='ocr_line' id='line_1_26' title="bbox 107 3285 978 3397; baseline 0.002 -35"><span class='ocrx_word' id='word_1_160' title='bbox 107 3289 312 3386; x_wconf 80' lang='lat' dir='ltr'>videbimus,</span> <span class='ocrx_word' id='word_1_161' title='bbox 347 3291 520 3390; x_wconf 80' lang='lat' dir='ltr'>Hungatis</span> <span class='ocrx_word' id='word_1_162' title='bbox 552 3291 657 3368; x_wconf 86' lang='lat' dir='ltr'>titulo</span> <span class='ocrx_word' id='word_1_163' title='bbox 693 3290 793 3388; x_wconf 77' lang='lat' dir='ltr'>regis.</span> <span class='ocrx_word' id='word_1_164' title='bbox 819 3285 978 3397; x_wconf 75' lang='lat' dir='ltr'>praefue-</span> 
     </span>
    </p>

    <p class='ocr_par' dir='ltr' id='par_1_6' title="bbox 104 3391 1073 3908">
     <span class='ocr_line' id='line_1_27' title="bbox 104 3391 977 3492; baseline -0.001 -25"><span class='ocrx_word' id='word_1_165' title='bbox 104 3391 150 3470; x_wconf 83' lang='lat' dir='ltr'>&#39;n&#39;t</span> <span class='ocrx_word' id='word_1_166' title='bbox 208 3397 391 3474; x_wconf 71' lang='lat' dir='ltr'>Ductores</span> <span class='ocrx_word' id='word_1_167' title='bbox 433 3396 538 3492; x_wconf 82' lang='lat' dir='ltr'>igitur</span> <span class='ocrx_word' id='word_1_168' title='bbox 584 3393 806 3471; x_wconf 71' lang='lat' dir='ltr'>exercituum</span> <span class='ocrx_word' id='word_1_169' title='bbox 850 3406 977 3484; x_wconf 79' lang='lat' dir='ltr'>erant,</span> 
     </span>
     <span class='ocr_line' id='line_1_28' title="bbox 108 3494 1073 3597; baseline 0.001 -27"><span class='ocrx_word' id='word_1_170' title='bbox 108 3517 179 3593; x_wconf 77' lang='lat' dir='ltr'>quos</span> <span class='ocrx_word' id='word_1_171' title='bbox 203 3501 349 3584; x_wconf 82' lang='lat' dir='ltr'>exteri,</span> <span class='ocrx_word' id='word_1_172' title='bbox 383 3520 483 3597; x_wconf 84' lang='lat' dir='ltr'>reges</span> <span class='ocrx_word' id='word_1_173' title='bbox 505 3495 562 3590; x_wconf 78' lang='lat' dir='ltr'>ed</span> <span class='ocrx_word' id='word_1_174' title='bbox 585 3494 775 3596; x_wconf 79' lang='lat' dir='ltr'>augendam</span> <span class='ocrx_word' id='word_1_175' title='bbox 799 3494 978 3572; x_wconf 72' lang='lat' dir='ltr'>victoriae</span> <span class='ocrx_word' id='word_1_176' title='bbox 1068 3563 1073 3571; x_wconf 83' lang='grc'>.</span> 
     </span>
     <span class='ocr_line' id='line_1_29' title="bbox 107 3597 976 3700; baseline -0.002 -26"><span class='ocrx_word' id='word_1_177' title='bbox 107 3601 363 3698; x_wconf 79' lang='lat' dir='ltr'>magnitudinem</span> <span class='ocrx_word' id='word_1_178' title='bbox 397 3602 587 3700; x_wconf 79' lang='lat' dir='ltr'>appellent.</span> <span class='ocrx_word' id='word_1_179' title='bbox 650 3603 747 3677; x_wconf 85' lang='lat' dir='ltr'>Inter</span> <span class='ocrx_word' id='word_1_180' title='bbox 785 3597 853 3672; x_wconf 85' lang='lat' dir='ltr'>hos</span> <span class='ocrx_word' id='word_1_181' title='bbox 894 3597 976 3674; x_wconf 83' lang='lat' dir='ltr'>Bul·</span> 
     </span>
     <span class='ocr_line' id='line_1_30' title="bbox 105 3699 976 3801; baseline -0.002 -27"><span class='ocrx_word' id='word_1_182' title='bbox 105 3699 178 3779; x_wconf 89' lang='lat' dir='ltr'>tium</span> <span class='ocrx_word' id='word_1_183' title='bbox 203 3721 241 3782; x_wconf 87' lang='lat' dir='ltr'>et</span> <span class='ocrx_word' id='word_1_184' title='bbox 269 3705 456 3783; x_wconf 89' lang='lat' dir='ltr'>Lehelium</span> <span class='ocrx_word' id='word_1_185' title='bbox 490 3699 613 3797; x_wconf 76' lang='lat' dir='ltr'>fuine,</span> <span class='ocrx_word' id='word_1_186' title='bbox 650 3701 749 3801; x_wconf 84' lang='lat' dir='ltr'>patrii</span> <span class='ocrx_word' id='word_1_187' title='bbox 784 3699 976 3799; x_wconf 78' lang='lat' dir='ltr'>scriptores</span> 
     </span>
     <span class='ocr_line' id='line_1_31' title="bbox 104 3803 974 3908; baseline -0.001 -29"><span class='ocrx_word' id='word_1_188' title='bbox 104 3803 243 3884; x_wconf 80' lang='lat' dir='ltr'>afferunt.</span> <span class='ocrx_word' id='word_1_189' title='bbox 298 3809 357 3886; x_wconf 88' lang='lat' dir='ltr'>De</span> <span class='ocrx_word' id='word_1_190' title='bbox 391 3807 509 3883; x_wconf 80' lang='lat' dir='ltr'>Turro</span> <span class='ocrx_word' id='word_1_191' title='bbox 535 3819 605 3882; x_wconf 82' lang='lat' dir='ltr'>tarn</span> <span class='ocrx_word' id='word_1_192' title='bbox 629 3805 696 3902; x_wconf 83' lang='lat' dir='ltr'>hi,</span> <span class='ocrx_word' id='word_1_193' title='bbox 732 3825 836 3908; x_wconf 85' lang='lat' dir='ltr'>quam</span> <span class='ocrx_word' id='word_1_194' title='bbox 868 3815 974 3878; x_wconf 85' lang='lat' dir='ltr'>exte·</span> 
     </span>
    </p>

    <p class='ocr_par' dir='ltr' id='par_1_7' title="bbox 104 3899 974 4009">
     <span class='ocr_line' id='line_1_32' title="bbox 104 3899 974 4009; baseline -0.009 -24"><span class='ocrx_word' id='word_1_195' title='bbox 104 3907 149 3998; x_wconf 74' lang='lat' dir='ltr'>ri,</span> <span class='ocrx_word' id='word_1_196' title='bbox 183 3924 322 4009; x_wconf 85' lang='lat' dir='ltr'>praeter</span> <span class='ocrx_word' id='word_1_197' title='bbox 363 3911 600 4002; x_wconf 75' lang='lat' dir='ltr'>Auentinum,</span> <span class='ocrx_word' id='word_1_198' title='bbox 646 3923 778 3986; x_wconf 86' lang='lat' dir='ltr'>tacent.</span> <span class='ocrx_word' id='word_1_199' title='bbox 852 3899 974 4002; x_wconf 71' lang='lat' dir='ltr'>Neque</span> 
     </span>
    </p>
   </div>
   <div class='ocr_carea' id='block_1_2' title="bbox 104 3998 974 4191">
    <p class='ocr_par' dir='ltr' id='par_1_8' title="bbox 104 3998 974 4191">
     <span class='ocr_line' id='line_1_33' title="bbox 104 3998 974 4191; baseline 0.008 -106"><span class='ocrx_word' id='word_1_200' title='bbox 104 4003 242 4102; x_wconf 81' lang='lat' dir='ltr'>Hernico</span> <span class='ocrx_word' id='word_1_201' title='bbox 274 4016 350 4118; x_wconf 81' lang='lat' dir='ltr'>imp.</span> <span class='ocrx_word' id='word_1_202' title='bbox 383 4011 559 4116; x_wconf 77' lang='lat' dir='ltr'>gioritfirm</span> <span class='ocrx_word' id='word_1_203' title='bbox 581 4005 652 4114; x_wconf 80' lang='lat' dir='ltr'>poss</span> <span class='ocrx_word' id='word_1_204' title='bbox 680 3998 907 4191; x_wconf 49' lang='lat' dir='ltr'>iiinsfitgffei}</span> <span class='ocrx_word' id='word_1_205' title='bbox 928 4023 974 4085; x_wconf 79' lang='lat' dir='ltr'>vt</span> 
     </span>
     <span class='ocr_line' id='line_1_34' title="bbox 647 4133 923 4190; baseline 0.043 -10"><span class='ocrx_word' id='word_1_206' title='bbox 647 4175 651 4180; x_wconf 88' lang='lat'>.</span> <span class='ocrx_word' id='word_1_207' title='bbox 779 4133 867 4190; x_wconf 84' lang='lat' dir='ltr'>ew</span> <span class='ocrx_word' id='word_1_208' title='bbox 909 4147 923 4166; x_wconf 92' lang='lat'><strong>·</strong></span> 
     </span>
    </p>
   </div>
   <div class='ocr_carea' id='block_1_3' title="bbox 0 0 1504 4825">
    <p class='ocr_par' dir='ltr' id='par_1_9' title="bbox 0 0 1504 4825">
     <span class='ocr_line' id='line_1_35' title="bbox 0 0 1504 4825; baseline 0 8"><span class='ocrx_word' id='word_1_209' title='bbox 0 0 1504 4825; x_wconf 95' lang='lat' dir='ltr'> </span> 
     </span>
    </p>
   </div>
  </div>
 </body>
</html>
