3000 4825
565 534 653 639 226
797 530 1087 631 'ARPADVS

282 716 486 829 Ἣ-
511 703 630 775 tionem
659 686 787 784 vestrae
830 698 1056 773 dominationis
1084 688 1292 773 beneditione
1324 717 1372 773 tt·

325 804 327 809 ’
366 803 376 824 ’
432 802 444 824 ’
511 802 634 879 enarr.
686 798 848 895 Paganoa
872 801 968 888 hos,
994 800 1052 900 qui
1078 802 1265 875 litteratum
1287 820 1373 876 com·

510 904 673 981 mercium
706 903 812 981 inter
841 904 1056 981 Germaniam
1082 924 1125 977 ac
1151 903 1284 977 ltaliam
1319 902 1372 978 im·

509 1005 738 1109 pediuerunt,
772 1012 841 1081 non
873 1007 962 1082 allos
994 1002 1114 1094 tuille,
1162 1028 1259 1104 quant
1287 1004 1375 1079 Hun-

510 1129 645 1209 garos‚
670 1106 781 1183 reete
818 1108 872 1183 Cl.
911 1106 1032 1185 Ptaius
1080 1105 1286 1182 obseruauit.
1338 1110 1377 1183 Et

369 1220 434 1284 ..‘
510 1214 591 1315 quia
618 1212 767 1285 loannes
792 1212 859 1286 IX.
874 1212 1027 1306 Augusto
1054 1209 1167 1284 mense
1193 1212 1288 1283 huius
1308 1208 1376 1284 anni

510 1326 659 1391 mortem
687 1308 806 1399 obiit·,
831 1328 1016 1413 utraque,
1050 1326 1117 1387 tam
1145 1313 1376 1410 episcoporum

512 1417 698 1503 uuluae,
714 1437 814 1513 quam
831 1415 1009 1503 Hanania,
1036 1412 1185 1513 epistola
1206 1416 1278 1489 hoc
1296 1436 1376 1487 annu

513 1518 664 1595 Romam.
691 1520 738 1593 ad
770 1538 847 1591 eum
874 1516 977 1613 dirigi
1003 1516 1136 1593 debuit.
1206 1518 1310 1591 Vnde
1332 1536 1377 1588 te·

384 1636 386 1641 ·
510 1640 610 1711 tum,
637 1614 680 1693 ab
708 1620 881 1715 Hungaris
905 1623 978 1695 hoc
1002 1633 1163 1718 tempore
1201 1621 1378 1715 gestarum,

511 1722 779 1819 chronologiam
810 1716 885 1799 iere
918 1734 1046 1799 certam
1083 1720 1271 1810 habemus,
1295 1732 1379 1793 tuto·

512 1843 582 1925 que
608 1818 865 1926 procursionem
893 1826 1048 1903 Italicam
1072 1824 1121 1899 ad
1149 1847 1273 1899 annum
1296 1820 1380 1917 lupe·

514 1927 643 2005 riotem
670 1946 747 2001 cum
774 1928 947 2003 chronico
981 1926 1181 2003 monasterii
1207 1926 1246 2009 S.
1272 1924 1382 2011 Galli,

515 2028 709 2127 Hepidano
735 2032 933 2123 monacho,
951 2030 1111 2105 Mariano
1130 2029 1248 2106 Scoto
1273 2022 1400 2121 deligi·

517 2149 611 2221 mus3
636 2150 736 2232 quam
765 2124 793 2205 li
815 2135 1064 2232 retraheremur
1084 2134 1135 2208 ad
1162 2152 1283 2205 annunt
1298 2149 1384 2224 prae·

515 2228 668 2325 lentem,
698 2224 891 2310 difficulter
915 2233 1066 2330 intelligi
1088 2232 1238 2333 pollet,
1253 2252 1385 2332 quomo·

422 2341 424 2349 '
515 2333 566 2410 do
592 2348 707 2410 tantae
747 2354 803 2411 rea
827 2348 907 2413 ante
940 2337 1083 2413 mensem
1128 2334 1314 2435 Augustum
1340 2327 1389 2426 api

517 2438 730 2536 potuerint,
770 2451 814 2515 vt
846 2438 982 2516 scilicet
1015 2452 1055 2514 et
1087 2437 1250 2537 Hungari
1288 2435 1388 2534 prino

518 2560 611 2618 vere
629 2536 909 2638 Longobardiam
933 2539 1143 2629 munierint,
1171 2555 1211 2620 et
1241 2539 1389 2616 Martha·

512 2640 637 2733 ¹nenlet
671 2641 764 2718 Slaui
790 2643 963 2728 Bauaroa,
990 2646 1090 2720 velut
1117 2641 1164 2720 ab
1190 2641 1266 2719 illia
1286 2642 1390 2716 inex·

510 2741 617 2828 ‚itium
657 2745 780 2820 ltaliae
816 2739 903 2820 milli
941 2741 1100 2836 fuissent,
1138 2743 1390 2824 accusauen'ntl

520 2859 559 2922 et
583 2843 753 2943 pontifex
778 2848 911 2944 legatos
936 2847 1034 2937 loos,
1061 2851 1256 2933 loannem,
1293 2849 1392 2924 Bene·

519 2945 672 3039 droun,
710 2949 890 3028 Danielem
932 2951 1235 3028 inMatalaaniam
1261 2947 1393 3026 destina·

521 3049 646 3138 uerita
681 3065 718 3126 et
752 3055 828 3150 post
855 3057 981 3130 horum
1007 3052 1196 3130 aduentum
1226 3053 1392 3150 episcopa·

521 3165 662 3252 tumque
700 3153 944 3232 Paffauienlem
968 3154 1004 3230 in
1063 3156 1197 3258 uinque
1224 3145 1394 3230 dioecesan

514 3254 686 3342 ¹diuisum,
714 3256 851 3333 litteras
875 3257 921 3332 ad
954 3259 1162 3354 pontincem
1200 3257 1312 3334 iidem
1343 3254 1391 3330 lla·

522 3359 635 3440 uariae
655 3359 822 3460 praesules
846 3357 1066 3440 direxerintt
1107 3375 1150 3436 et
1178 3363 1297 3436 Hatto
1324 3353 1396 3433 nlo·

518 3463 704 3560 guntinus,
746 3462 794 3536 de
839 3461 893 3538 his
929 3461 1232 3539 criminationibus
1279 3458 1398 3536 certiot

520 3561 711 3656 redditus,
759 3563 897 3640 illorum
932 3565 1167 3664 patrocinium
1206 3561 1401 3662 lulcepetit.

521 3669 633 3744 Immo
695 3665 749 3740 uia
794 3668 906 3747 Hatto
953 3667 1108 3756 leribit‚.
1139 3667 1191 3743 eo
1220 3681 1402 3764 tempore.

386 3839 391 3846 .
521 3791 592 3868 quo
619 3685 819 3862 Luiouicus
855 3769 1007 3844 Arnulfo
1032 3767 1124 3865 pani
1151 3767 1322 3845 rutenus
1341 3764 1402 3852 est,

521 3870 589 3944 iter
621 3868 664 3944 ab
700 3871 870 3959 Hunparis
918 3872 1056 3969 paganis
1095 3863 1153 3945 lic
1202 3872 1402 3970 impeditum

519 3966 649 4060 fuine,
676 3987 719 4046 vt
744 3971 851 4070 legati
878 3973 1021 4050 Romam
1048 3998 1069 4049 e
1097 3972 1298 4050 Germania
1321 3965 1402 4046 mitti

522 4095 594 4182 uon
615 4075 818 4174 potuerint:
843 4090 954 4181 patet,
979 4078 1174 4175 Hungttos
1199 4075 1319 4154 mense
1338 4071 1401 4150 De

1259 4200 1353 4256 cent·
