3000 4825
409 503 412 513 ’
531 554 616 662 548
725 514 733 525 ’
820 500 1048 637 eursn'

242 718 453 757 ’ζ’-’Ξ
470 721 621 785 mortem
643 704 804 795 Ioannis,
833 703 966 779 electus
985 722 1027 780 ac
1041 700 1263 781 consecratus
1288 698 1364 783 sue·

198 830 201 837 ·
281 774 337 843 Α·
350 768 406 939 ξ
470 810 543 901 rit,
577 830 621 883 ac
659 807 760 884 vnde
797 804 1023 910 pontificatus
1066 807 1138 883 eius
1174 806 1364 904 inchoari,

193 972 198 980 ,
305 878 348 947 ⁵7
471 908 539 990 vbi
563 910 742 989 terminari
778 911 933 997 debeat3
976 924 1110 989 certum
1148 926 1263 987 tamen
1290 914 1364 1004 est,

469 1017 568 1093 illum
596 1016 713 1091 adhuc
747 1013 868 1091 sedisse
894 1012 1008 1091 mense
1038 1014 1150 1112 Aprili
1181 1014 1281 1089 huius
1307 1038 1365 1089 au·

471 1121 507 1197 rri
535 1140 622 1221 924.
655 1141 759 1217 quum
794 1140 841 1194 eo
872 1116 987 1191 mense
1021 1118 1161 1194 dederit
1191 1116 1367 1215 priuilegi-

187 1269 203 1309 -,
325 1267 339 1289 ι
471 1247 527 1299 um
555 1216 797 1312 Hildesmd0,
825 1218 1019 1295 monasterii
1056 1218 1231 1297 Rodeusrs
1264 1220 1367 1295 abba·

442 1328 523 1417 ti,
562 1347 640 1401 cum
669 1329 736 1399 hac
764 1320 1032 1420 subscriptione:
1068 1323 1121 1421 (a)
1149 1324 1275 1425 Mense
1314 1320 1369 1399 A·

284 1452 287 1455 ’
425 1448 429 1459 ’
469 1430 568 1532 prisia
595 1443 627 1501 et
658 1420 830 1505 indissime
847 1420 1005 1525 secunda.
1059 1426 1147 1505 Post
1171 1432 1264 1504 hunc
1291 1450 1368 1505 rur·

250 1604 261 1619 ,
390 1536 399 1553 “
464 1517 526 1611 ¹sus
554 1531 725 1606 incertum
750 1532 825 1623 est,
864 1530 1006 1628 quando
1039 1529 1161 1607 Donus
1190 1538 1241 1609 li.
1270 1532 1370 1607 sede·

474 1656 514 1714 re
544 1638 707 1729 coeperit
740 1648 779 1710 et
827 1629 981 1713 deflerit.
1041 1632 1181 1709 Donum
1217 1636 1371 1733 excepit

475 1736 687 1817 Benedictus
714 1737 800 1813 Vll.
829 1738 930 1815 cuim
952 1734 1086 1811 initium
1113 1738 1235 1814 itidem
1258 1739 1371 1815 incer·

294 1842 299 1851 '
433 1924 440 1936 ,
474 1855 548 1917 tum
576 1842 650 1929 est·‚
675 1840 756 1942 quia
784 1851 898 1915 tamen
926 1840 1000 1917 eius
1035 1836 1274 1936 pontificatum
1305 1866 1368 1917 no·

475 1967 556 2020 uem
591 1940 688 2017 annis
723 1954 762 2019 et
795 1942 970 2046 quinque,
1005 1945 1068 2017 vel
1096 1940 1160 2021 sex
1197 1939 1370 2021 mensibus

477 2068 602 2122 ornnes
636 2038 714 2122 sere
748 2048 901 2144 catalogi
935 2044 1238 2139 circumscribunt,
1269 2060 1306 2123 et
1331 2074 1370 2125 e·

475 2151 529 2227 iun
555 2163 703 2225 mortem
726 2168 778 2225 ex
804 2148 984 2249 epitaphio
1002 2148 1120 2225 veteri
1145 2152 1309 2228 Barouius
1332 2166 1370 2228 et

476 2251 608 2350 Pagina
634 2244 781 2351 affigunt
818 2250 874 2353 (b)
902 2252 947 2329 ad
980 2254 1026 2329 X.
1054 2252 1138 2328 Iulii
1163 2254 1371 2330 indimionis

478 2356 569 2434 ΧΠ.
595 2378 686 2458 quae
712 2355 901 2464 respondet
927 2378 1018 2431 anno
1047 2368 1133 2456 934.
1163 2360 1243 2434 hinc
1270 2373 1369 2436 retro

478 2459 653 2536 numerati
680 2483 806 2536 nouem
841 2460 920 2535 anui
955 2483 1031 2535 cum
1068 2454 1235 2536 mensibus
1272 2463 1372 2564 quin-

480 2584 579 2665 que,
605 2565 672 2640 vel
699 2561 788 2652 sex,
816 2585 880 2637 uos
908 2563 1093 2639 deducunt
1119 2565 1165 2640 ad
1198 2565 1371 2641 decimam

481 2664 656 2754 Ianuarii,
692 2667 758 2739 vel
795 2665 971 2741 Februarii
1008 2669 1055 2748 Α.
1083 2667 1119 2743 C.
1149 2687 1236 2770 975.
1265 2673 1371 2745 Certe

481 2763 613 2864 Pagius
638 2765 815 2851 ostendit,
842 2769 897 2865 (e)
924 2785 1005 2844 ante
1035 2789 1095 2862 25.
1124 2771 1248 2846 Martii
1269 2773 1371 2846 huius

484 2870 565 2944 anni
591 2869 658 2943 iam
684 2867 806 2947 sedisse
829 2871 1052 2949 Benedidium
1083 2873 1167 2950 Vll.
1195 2871 1232 2948 Si
1254 2877 1371 2971 proin·

485 2973 534 3048 de
561 2965 746 3069 Pisiprinus
791 2974 840 3049 ad
869 2971 1095 3052 Benedittmn
1125 2977 1210 3054 Vll.
1245 2991 1283 3051 et
1308 2979 1371 3055 Be·

484 3073 647 3152 nedictus
684 3077 768 3174 Vis.
804 3076 849 3153 td
876 3079 1085 3154 Germaniae
1125 3078 1297 3176 praesules
1334 3095 1370 3158 et

486 3179 665 3278 principes
688 3176 850 3255 laudatas
872 3180 1005 3260 litteras
1031 3175 1159 3271 dedit·,
1202 3205 1266 3256 eae
1298 3183 1370 3260 dari

486 3280 664 3360 debebant
689 3284 768 3380 post
787 3282 922 3360 initium
949 3285 1127 3388 anni975.
1160 3283 1269 3388 Atqui
1288 3299 1370 3363 tunc

488 3394 548 3461 eas
572 3385 650 3460 dari
673 3406 743 3460 non
770 3386 936 3485 potuisse,
962 3386 1075 3465 docet
1100 3390 1299 3464 earumdem
1320 3391 1369 3466 iu·

355 3511 359 3518 ·
486 3487 650 3588 scriptio.
711 3492 800 3567 Nam
837 3489 992 3589 inprimis
1028 3489 1256 3568 inscribuntur
1291 3492 1372 3572 issae

490 3589 702 3670 Hrodberto
716 3591 955 3693 Moguutino‚
983 3617 1085 3698 quem
1102 3609 1234 3672 certum
1251 3597 1303 3674 est
1322 3623 1371 3676 erc

1259 3723 1321 3778 ue·

536 4046 590 4136 (a)
612 4051 686 4116 ibid.
708 4067 740 4120 et
760 4067 808 4139 ap.
832 4056 947 4120 Maiis!
976 4075 1026 4122 an.
1053 4049 1091 4122 Τ.
1112 4023 1172 4122 Iis.
1191 4069 1224 4143 p.
1247 4055 1319 4142 627.
1393 4041 1397 4049 ⁸

537 4134 976 4224 &mmcmmr
1225 4173 1232 4210 ;

536 4224 595 4308 (c)
617 4228 664 4290 Ad
683 4231 721 4294 Α.
739 4231 773 4293 C.
796 4247 870 4316 975.
890 4231 1003 4298 miss.
1149 4321 1155 4330 ἱ
