3000 4825
289 654 491 778 π
511 678 598 785 quid
621 680 668 757 de
688 672 856 773 nocht,
890 695 933 757 an
967 678 1160 761 strictiore.
1186 677 1253 759 vel
1280 675 1385 757 latio·

194 828 198 840 ·
289 856 294 877 ‚
354 810 428 880 99⁴1.
511 806 550 863 re
573 782 665 860 sensu
693 783 824 874 Gyula'
842 782 900 857 hic
935 786 1119 859 auunculus
1144 784 1182 866 S.
1217 782 1386 882 Stephani

511 882 694 971 voceturs
719 886 802 959 satis·
832 908 946 962 tamen
974 912 994 961 e
1020 886 1186 985 scriptore
1219 888 1292 961 hoc
1322 910 1388 961 ex·

258 1016 262 1027 ¹
364 990 369 997 ’
512 990 594 1065 tero
619 1000 749 1063 certum
789 988 933 1070 euadit,
971 988 1010 1068 S,
1047 988 1210 1086 Stephani
1245 1008 1387 1063 matrem

515 1093 548 1170 T
551 1086 797 1178 ranssrsoananr,
825 1114 894 1165 non
918 1084 1114 1181 Polonam,
1140 1084 1252 1187 fuisse.
1310 1093 1389 1169 Nec

514 1196 552 1273 in
577 1195 648 1269 hoc
686 1211 886 1291 argumento
922 1190 1105 1290 scriptores
1143 1192 1279 1269 Poloni
1313 1214 1390 1269 cum

517 1294 688 1393 Hungaris
723 1295 759 1369 in
794 1294 1053 1371 contentionem
1088 1296 1209 1371 venire
1237 1296 1387 1391 possunt.

517 1403 633 1488 Nam,
660 1398 896 1499 praeterquam
922 1398 1018 1498 qood
1043 1388 1107 1486 hi,
1134 1418 1205 1471 non
1230 1400 1318 1475 item
1351 1403 1390 1474 il·

517 1501 577 1589 li,
602 1498 855 1593 suffragatorem
883 1514 1047 1575 exterum·
1067 1515 1105 1574 et
1122 1498 1306 1600 antiquum
1334 1526 1390 1576 an·

353 1597 357 1607 “
502 1602 655 1678 ctorem
672 1600 844 1692 habeant,
872 1600 973 1679 etiam
997 1603 1097 1677 inter
1113 1602 1328 1679 domesticos
1347 1614 1391 1679 A·

489 1726 698 1797 -nony-mos
732 1706 839 1780 Besae
870 1703 1055 1794 notarius,
1088 1706 1147 1807 qui
1184 1705 1390 1799 Saroltam‚

521 1807 665 1898 Gyusae
704 1802 927 1883 Tranffiluani
972 1806 1102 1897 siliam,
1144 1806 1182 1885 S.
1225 1808 1391 1909 Stephani

518 1922 663 1984 matrem
688 1906 790 1984 finisse
823 1910 988 1999 testatur,
1015 1910 1068 2007 (a)
1100 1910 1221 1987 seculis
1247 1908 1392 2007 integris

520 2010 721 2091 Posonicos
748 2009 933 2107 scriptores
958 2010 1150 2091 antecessit.
1215 2017 1391 2111 ignorauit

516 2110 705 2210 Stistingns
731 2112 830 2191 huius
856 2114 1036 2207 Anonymi
1063 2116 1263 2207 historiam,
1292 2140 1392 2218 quom

329 2302 332 2311 ‚
520 2215 707 2312 scriptores
734 2215 917 2312 Hungaros
943 2242 1060 2319 aeque
1079 2240 1120 2293 ac
1147 2218 1314 2319 Polonos
1342 2244 1391 2297 re·

454 2356 458 2364 s
520 2317 700 2395 centiores
725 2318 793 2394 esse
819 2310 979 2419 scripsit,
1004 2342 1103 2422 qoam
1132 2333 1177 2396 vt
1200 2321 1310 2397 dictis
1336 2348 1390 2399 eo·

521 2441 595 2498 rum
621 2425 761 2500 multum
786 2420 899 2496 fidere
925 2424 1042 2500 liceat.
1104 2428 1212 2532 Quod
1237 2421 1390 2528 quidem,

522 2524 611 2600 iicet
647 2523 854 2615 Anonymi,
883 2522 930 2599 de
963 2523 1059 2600 cuius
1096 2528 1304 2629 antiquitate
1331 2531 1390 2602 iam

522 2626 608 2700 alias
632 2625 667 2699 in
694 2629 947 2722 protegomeno
972 2628 1161 2704 sermonem
1186 2629 1390 2724 habuimus,

523 2726 615 2803 ratio
640 2747 711 2800 non
743 2725 938 2816 habeatnr,
971 2730 1123 2808 sustineri
1159 2735 1226 2809 vix
1270 2738 1390 2834 potest·

524 2827 560 2902 T
563 2827 713 2903 momina
731 2831 845 2922 enim,
867 2825 933 2906 etsi
959 2831 1017 2907 sub
1042 2835 1134 2911 iden
1158 2849 1307 2934 tempus,
1327 2864 1390 2938 quo

522 2921 738 3028 Dlugoffns,
765 2931 931 3022 vixerit,
957 2937 1035 3036 qnia
1061 2951 1171 3014 tamen
1198 2941 1390 3017 chronicon

523 3029 607 3110 MS.
638 3031 743 3107 seculi
771 3035 890 3114 XIV,
909 3037 954 3111 ad
987 3037 1129 3116 verbum
1155 3043 1341 3132 reddidit,
1368 3039 1391 3118 si

441 3231 445 3236 .
524 3133 625 3209 huius
650 3138 766 3232 potius
793 3137 951 3215 chronici
976 3137 1173 3240 scriptoria,
1201 3169 1301 3245 qoam
1330 3150 1391 3222 Tn-

524 3233 632 3314 'rotzis
654 3235 902 3335 descriptoris,
927 3256 1020 3319 aetas
1046 3238 1310 3335 consideretur,
1339 3275 1390 3346 ap·

525 3349 652 3437 paret,
679 3341 781 3416 etiam
809 3341 1053 3421 Turotzianun
1082 3370 1169 3446 opos
1196 3352 1335 3428 maioris
1359 3365 1391 3428 et

526 3442 766 3540 antiquitatis,
792 3457 831 3518 et
854 3445 1091 3542 auctoritatis,
1119 3474 1216 3551 quarn
1251 3454 1391 3551 Dlugos·

526 3539 556 3618 si
582 3545 754 3620 historiam
780 3545 861 3620 esse.
921 3553 992 3625 sam
1020 3549 1197 3628 Bonsinios
1223 3558 1327 3631 etiam
1353 3575 1390 3632 ac

523 3644 730 3735 Ranzanus,
771 3646 876 3724 secoli
910 3653 991 3728 XV,
1028 3654 1238 3752 scriptores,
1273 3657 1390 3734 itidem

525 3743 691 3846 Vapooio
717 3751 979 3855 Cromeroqae,
1016 3754 1123 3834 secoli
1150 3761 1254 3840 xvi.
1290 3763 1390 3838 histo·

1132 3890 1135 3901 ’
1262 3881 1346 3940 iscis

462 4141 482 4214 .’
568 4155 622 4244 (ι)
645 4163 715 4247 cap
736 4147 875 4234 xirrrn
