3000 4825
272 1437 412 1608 ⁴ritatis
435 1492 622 1595 TVAE
648 1506 844 1624 praesidio
873 1502 1125 1619 defenditur,
1153 1500 1227 1596 sed
1253 1508 1383 1597 etiam

278 1640 555 1760 amplitudinis
600 1635 787 1737 TVA'E
833 1640 1043 1737 clariffinm
1088 1650 1180 1739 luce
1224 1640 1388 1766 perium

275 1780 396 1871 ditur.
711 1802 715 1809 ·
1020 1862 1022 1867 ,
1283 1792 1289 1803 ’

362 2028 536 2172 ,Ρτίηιεε
564 2070 612 2133 es
638 2037 900 2152 Hungariae!
930 2032 1028 2125 Hoc
1055 2054 1183 2131 vnum
1212 2044 1395 2137 axioma.

110 2194 116 2201 ·
220 2242 225 2251 .
275 2173 471 2294 quantum
501 2183 545 2272 in
571 2178 617 2273 se
646 2178 906 2300 splendorem
941 2178 1176 2293 contineat,
1206 2200 1387 2299 quantos

274 2308 443 2409 honoris
471 2319 616 2414 titulos
646 2340 694 2411 et
722 2318 927 2428 inretiat,
956 2337 1002 2409 et
1030 2322 1273 2436 antecellat,
1298 2326 1388 2414 nul·

123 2473 145 2561 “,
274 2455 339 2546 lus
374 2462 480 2547 adeo
519 2462 757 2580 peregrinus
797 2474 842 2548 et
870 2448 1021 2574 hospes
1059 2460 1099 2552 in
1137 2462 1278 2578 patriis
1320 2489 1388 2549 re-

274 2594 351 2685 bus
391 2593 478 2687 elie
513 2601 676 2718 potest,
718 2597 784 2716 qui
823 2622 907 2686 non
944 2595 1159 2713 intelligat.
1219 2591 1288 2698 Vt
1319 2626 1390 2690 au·

273 2747 364 2825 tem
392 2737 444 2824 ad
477 2732 700 2857 principem
738 2731 846 2825 hanc
886 2735 1080 2825 ecclefiae
1119 2732 1387 2851 Hungaricae

132 2951 167 2984 ¹.
274 2871 416 2966 sedem
459 2876 609 2970 tetrius
659 2875 1010 2965 administrandam
1062 2901 1147 2966 nou
1188 2871 1319 2964 solum
1358 2903 1385 2963 a

274 3015 494 3128 dodisma,
543 3014 638 3107 sed.
679 3014 824 3105 etiam
860 3009 914 3100 ab
961 3013 1220 3130 experientia
1272 3039 1388 3128 para·

152 3250 170 3278 μ
270 3155 353 3245 tior
391 3147 643 3265 accederes,
672 3179 770 3241 non
787 3175 795 3188 ·
815 3148 898 3242 fine
917 3145 921 3150 ’
939 3153 1133 3270 peculiari
1186 3149 1386 3244 Numinis

270 3296 555 3413 prouidentia,
595 3317 702 3410 quoe
729 3309 777 3381 te
805 3291 920 3404 regni
952 3291 1072 3380 nostri
1102 3285 1386 3384 Hierarcham

250 3433 324 3532 ab
355 3451 528 3524 aeterno
557 3428 800 3542 destinauit,
830 3427 981 3519 facium
1012 3435 1094 3542 est,
1131 3446 1180 3520 vt
1208 3429 1252 3519 in
1280 3427 1391 3517 infe·

270 3573 446 3664 rioribus
488 3569 643 3662 ordinis
686 3567 938 3658 ecclesrallici
977 3569 1129 3661 muniis
1156 3561 1244 3660 ΤΕ
1274 3565 1392 3685 prius

271 3735 517 3821 exerceres,
547 3733 668 3827 quam
698 3709 829 3828 prima
848 3705 1086 3826 summaque
1108 3701 1355 3828 cepeiieres.

372 3959 587 4085 Postquam
618 3963 732 4056 enim
762 3979 860 4056 eam¹
886 3967 1015 4056 totius
1051 3959 1309 4082 antiquitatis
1339 3980 1393 4054 et

266 4102 511 4200 eruditionis
559 4105 853 4200 ecclesiasticae
904 4100 1119 4202 scientiam
1179 4097 1410 4236 indeseff03

1238 4239 1316 4326 stu·
1355 4241 1358 4246 ’
1407 4281 1409 4370 p

1404 4397 1408 4466 l
