3000 4825
565 525 656 621 430
844 497 1056 597 Toxvs

274 680 478 737 2:27²·
500 664 723 742 monachornm
757 676 892 755 turma,
929 679 961 737 et
996 664 1043 739 eii
1064 660 1145 758 firtis
1172 659 1245 757 fila
1274 670 1357 742 eno·

339 760 436 887 9'543'
493 766 565 869 fiae
597 760 723 863 nostrae
754 767 912 868 familia,
949 767 1009 859 inl,
1042 767 1126 862 prol
1164 767 1358 867 intranei,

236 902 246 945 ·.
500 887 595 952 rata,
620 871 706 967 qaod
733 892 903 967 numquam
927 870 1078 943 vilelicet
1105 868 1187 968 defit
1211 872 1359 963 liniam,

500 977 556 1049 ‘vlt'
592 974 757 1047 lunanum
789 970 887 1074 eeffat
925 972 1104 1061 anaxilium3
1141 991 1288 1058 montem,
1318 981 1362 1051 oli

493 1068 679 1181 fitillarum
719 1072 874 1151 Vramari
898 1093 931 1151 et
957 1073 1096 1152 Ermini
1126 1098 1261 1179 corpora
1282 1102 1363 1153 ornt-

503 1197 642 1263 rantnr,
675 1178 729 1255 alia
759 1178 948 1275 ieliieeons
977 1178 1131 1281 scandit,
1157 1196 1191 1254 et
1217 1182 1255 1255 le
1278 1177 1368 1257 DEI

442 1305 445 1313 '
496 1281 562 1386 fisa
587 1284 771 1384 alimoto,
796 1308 865 1359 eam
890 1280 1132 1383 plaustrorum,
1159 1285 1214 1357 nel
1237 1307 1364 1381 quotam·

506 1410 637 1483 reamque
653 1386 880 1489 firrcnlornm.
915 1390 971 1463 nel
993 1386 1110 1486 sepiam
1137 1389 1366 1487 impedimentis,

506 1496 540 1567 in
569 1491 696 1565 modam
742 1494 933 1567 monitionis
979 1497 1094 1591 cingit.
1168 1488 1296 1588 Iamqne
1323 1491 1365 1563 al·

507 1608 644 1667 uerterat
676 1593 867 1693 paschalium
904 1596 1026 1669 alierum
1050 1586 1168 1695 snalla
1194 1594 1368 1679 celebritas,

508 1701 543 1771 in
567 1698 775 1795 completione
809 1690 995 1773 allatarum
1021 1693 1150 1797 ipftnr,
1184 1721 1262 1786 anae
1293 1710 1368 1771 erant

509 1814 626 1897 quarto
653 1822 757 1874 nonas
783 1798 940 1899 Aprilis,
967 1824 1039 1875 ecce
1056 1800 1170 1901 sabito
1196 1802 1229 1873 in
1256 1799 1369 1874 exorlln

510 1904 669 1977 matutino
709 1899 900 1997 donnanae
935 1928 1042 1979 aerem
1075 1926 1228 2000 equorum
1254 1902 1369 1989 natan,

512 2020 545 2081 et
567 2006 659 2079 velut
693 2028 735 2079 ex
763 2007 883 2081 abditis
909 2022 1019 2083 terrae
1044 2003 1174 2103 finibus
1199 2009 1372 2106 emergebant

514 2111 687 2185 loricarum
704 2123 736 2181 et
752 2110 921 2207 galearum
933 2113 1049 2190 millia.
1086 2106 1309 2213 Expaaescere
1329 2130 1371 2179 no·

507 2206 574 2311 llri
585 2266 598 2303 ,
638 2226 671 2285 et
693 2227 827 2287 mortem
845 2212 912 2310 fita·
931 2214 1176 2316 praemeditari.
1230 2212 1300 2307 Qui
1318 2211 1392 2309 agi

516 2320 619 2391 liores
645 2330 756 2395 erant,
786 2338 850 2390 non
877 2316 950 2391 lieo
976 2321 1205 2400 manitionem,
1221 2316 1280 2420 sel
1296 2312 1374 2414 fima-

518 2423 639 2497 lacrnm
666 2419 855 2496 munitionis
875 2419 1054 2522 [caninam
1079 2417 1175 2497 immo
1201 2444 1304 2496 veram
1325 2440 1393 2490 nau

517 2526 672 2598 altionem
695 2543 754 2620 per
776 2516 965 2623 saniloram
1002 2521 1109 2601 DEI
1138 2511 1373 2626 intereefflnnm.

445 2629 447 2638 ’
520 2623 685 2718 Reliqui,
722 2627 776 2720 qai
810 2628 1030 2724 impeditiores
1069 2644 1168 2704 erant
1204 2642 1303 2703 aetate
1333 2634 1373 2698 art

521 2730 709 2828 grauitate,
734 2727 825 2803 'intra
850 2726 1033 2828 monosterii
1068 2727 1206 2827 claraslra
1221 2725 1374 2834 substitere.

528 2829 605 2928 Qui
611 2823 825 2929 substiterant
841 2833 1221 2936 capirmtnr:olrfitlentnr
1235 2837 1307 2912 alii:
1323 2830 1393 2918 orl*

527 2936 561 3008 la
582 2935 667 3006 inter
688 2949 800 3032 captos
825 2951 859 3009 et
881 2931 1017 3041 alseffor
1042 2939 1076 3013 an·
1102 2942 1217 3019 antiar
1238 2934 1293 3038 oiss
1313 2929 1375 3031 prol

525 3035 694 3135 strandum
711 3037 873 3133 qnemalam
889 3047 1052 3141 grauiore
1092 3037 1289 3144 exspeilata,
1308 3055 1375 3136 plot!

528 3142 623 3215 illata
657 3163 761 3224 mors.
825 3139 1078 3222 Oltraneontnr
1106 3152 1141 3222 in
1173 3139 1309 3250 olsptilt
1335 3138 1393 3212 tl·

518 3242 725 3346 spicientiam
766 3237 972 3346 Reatinifin
998 3265 1031 3324 et
1071 3245 1313 3338 'llieolmarum
1339 3241 1377 3336 llll

479 3331 488 3366 '
531 3351 618 3422 inter
650 3363 762 3446 raptor
795 3348 859 3448 viſs
884 3349 965 3454 fiant
990 3355 1257 3437 exceltentiam,-
1286 3343 1376 3440 relipat'

525 3447 712 3552 flagellati,
758 3457 939 3550 captiuitati
987 3455 1206 3557 restruantur.
1269 3452 1377 3532 Interea

535 3569 697 3652 argentae
733 3553 864 3658 oiseffi,
905 3582 963 3634 nee
996 3561 1058 3634 olli
1083 3563 1219 3637 telorum
1251 3575 1302 3634 ant
1329 3570 1381 3625 tara

535 3672 712 3732 meritonam
744 3663 896 3755 parcitur
930 3666 1053 3763 generi.
1105 3659 1225 3763 Nostri
1252 3687 1268 3737 e
1293 3673 1380 3734 corno

533 3779 594 3861 pro
638 3762 763 3834 viribus
806 3758 974 3861 refistere,
1016 3783 1049 3842 et
1075 3772 1304 3867 conglomerata
1330 3757 1380 3856 plt·

536 3865 623 3938 liram
650 3879 683 3938 et
721 3861 931 3954 clericorum,
966 3871 1031 3965 ipso
1062 3875 1157 3945 etiam
1191 3865 1380 3948 monachornm

539 3969 685 4063 agmine,
721 3975 867 4062 quamuis
894 3975 1040 4049 illicitam
1057 3973 1105 4074 fit
1136 3973 1205 4050 hoie
1230 3968 1326 4050 oriini
1343 3982 1393 4034 ors

535 4091 592 4157 ma
625 4061 786 4166 maflare,
827 4079 975 4174 qnoniam
1010 4099 1073 4181 pro
1103 4084 1208 4155 anima
1238 4075 1301 4152 illis
1328 4071 1382 4138 oti

1282 4195 1345 4262 res,
