<?xml version="1.0" encoding="UTF-8"?>
<!DOCTYPE html PUBLIC "-//W3C//DTD XHTML 1.0 Transitional//EN"
    "http://www.w3.org/TR/xhtml1/DTD/xhtml1-transitional.dtd">
<html xmlns="http://www.w3.org/1999/xhtml" xml:lang="en" lang="en">
 <head>
  <title>
</title>
<meta http-equiv="Content-Type" content="text/html;charset=utf-8" />
  <meta name='ocr-system' content='tesseract 3.04.00' />
  <meta name='ocr-capabilities' content='ocr_page ocr_carea ocr_par ocr_line ocrx_word'/>
</head>
<body>
  <div class='ocr_page' id='page_1' title='image "./historiacritica00katogoog_0449.png"; bbox 0 0 3000 4825; ppageno 0'>
   <div class='ocr_carea' id='block_1_1' title="bbox 529 413 1121 615">
    <p class='ocr_par' dir='ltr' id='par_1_1' title="bbox 529 413 1121 615">
     <span class='ocr_line' id='line_1_1' title="bbox 529 413 1121 615; baseline -0.007 -32"><span class='ocrx_word' id='word_1_1' title='bbox 529 466 623 615; x_wconf 39' lang='lat'><strong>424*</strong></span> <span class='ocrx_word' id='word_1_2' title='bbox 787 486 1026 585; x_wconf 65' lang='lat' dir='ltr'><strong>xTorius</strong></span> <span class='ocrx_word' id='word_1_3' title='bbox 1117 413 1121 422; x_wconf 33' lang='lat'><strong>¹</strong></span> 
     </span>
    </p>
   </div>
   <div class='ocr_carea' id='block_1_2' title="bbox 289 646 1409 4234">
    <p class='ocr_par' dir='ltr' id='par_1_2' title="bbox 289 646 1406 1365">
     <span class='ocr_line' id='line_1_2' title="bbox 289 646 1366 752; baseline -0.019 -16"><span class='ocrx_word' id='word_1_4' title='bbox 289 674 341 751; x_wconf 83' lang='grc' dir='ltr'><strong>Α.</strong></span> <span class='ocrx_word' id='word_1_5' title='bbox 365 675 407 751; x_wconf 71' lang='lat' dir='ltr'><strong>c,</strong></span> <span class='ocrx_word' id='word_1_6' title='bbox 472 656 554 733; x_wconf 89' lang='lat' dir='ltr'><strong>nior</strong></span> <span class='ocrx_word' id='word_1_7' title='bbox 581 654 717 731; x_wconf 81' lang='lat' dir='ltr'><strong>ltaliam</strong></span> <span class='ocrx_word' id='word_1_8' title='bbox 745 646 810 730; x_wconf 87' lang='lat' dir='ltr'><strong>fibi</strong></span> <span class='ocrx_word' id='word_1_9' title='bbox 836 650 1062 738; x_wconf 74' lang='lat' dir='ltr'><strong>uindicauita</strong></span> <span class='ocrx_word' id='word_1_10' title='bbox 1103 663 1219 752; x_wconf 84' lang='lat' dir='ltr'><strong>vtque</strong></span> <span class='ocrx_word' id='word_1_11' title='bbox 1257 646 1366 749; x_wconf 86' lang='lat' dir='ltr'><strong>Papi.</strong></span> 
     </span>
     <span class='ocr_line' id='line_1_3' title="bbox 309 752 1365 863; baseline -0.006 -28"><span class='ocrx_word' id='word_1_12' title='bbox 309 780 387 853; x_wconf 73' lang='lat'><strong>953.</strong></span> <span class='ocrx_word' id='word_1_13' title='bbox 476 753 550 845; x_wconf 87' lang='lat' dir='ltr'><strong>ensi</strong></span> <span class='ocrx_word' id='word_1_14' title='bbox 576 758 692 853; x_wconf 75' lang='lat' dir='ltr'><strong>regia,</strong></span> <span class='ocrx_word' id='word_1_15' title='bbox 720 782 820 863; x_wconf 82' lang='lat' dir='ltr'><strong>quam</strong></span> <span class='ocrx_word' id='word_1_16' title='bbox 849 754 1039 842; x_wconf 84' lang='lat' dir='ltr'><strong>Adelhais,</strong></span> <span class='ocrx_word' id='word_1_17' title='bbox 1067 754 1204 831; x_wconf 80' lang='lat' dir='ltr'><strong>Lorarii</strong></span> <span class='ocrx_word' id='word_1_18' title='bbox 1232 752 1365 851; x_wconf 79' lang='lat' dir='ltr'><strong>vidua,</strong></span> 
     </span>
     <span class='ocr_line' id='line_1_4' title="bbox 475 855 1369 959; baseline -0.013 -16"><span class='ocrx_word' id='word_1_19' title='bbox 475 857 677 952; x_wconf 82' lang='lat' dir='ltr'><strong>retinebat,</strong></span> <span class='ocrx_word' id='word_1_20' title='bbox 700 861 823 959; x_wconf 89' lang='lat' dir='ltr'><strong>potiri</strong></span> <span class='ocrx_word' id='word_1_21' title='bbox 861 856 996 955; x_wconf 82' lang='lat' dir='ltr'><strong>posset,</strong></span> <span class='ocrx_word' id='word_1_22' title='bbox 1034 880 1108 932; x_wconf 90' lang='lat' dir='ltr'><strong>eam</strong></span> <span class='ocrx_word' id='word_1_23' title='bbox 1143 855 1369 955; x_wconf 73' lang='lat' dir='ltr'><strong>adalberto,</strong></span> 
     </span>
     <span class='ocr_line' id='line_1_5' title="bbox 476 958 1369 1061; baseline -0.003 -21"><span class='ocrx_word' id='word_1_24' title='bbox 476 964 555 1041; x_wconf 90' lang='lat' dir='ltr'><strong>filio</strong></span> <span class='ocrx_word' id='word_1_25' title='bbox 592 963 674 1055; x_wconf 88' lang='lat' dir='ltr'><strong>suo,</strong></span> <span class='ocrx_word' id='word_1_26' title='bbox 709 964 893 1061; x_wconf 81' lang='lat' dir='ltr'><strong>coniugem</strong></span> <span class='ocrx_word' id='word_1_27' title='bbox 928 960 1012 1035; x_wconf 91' lang='lat' dir='ltr'><strong>dare</strong></span> <span class='ocrx_word' id='word_1_28' title='bbox 1040 961 1175 1037; x_wconf 84' lang='lat' dir='ltr'><strong>voluit.</strong></span> <span class='ocrx_word' id='word_1_29' title='bbox 1228 958 1369 1037; x_wconf 84' lang='lat' dir='ltr'><strong>Abhor-</strong></span> 
     </span>
     <span class='ocr_line' id='line_1_6' title="bbox 476 1062 1371 1162; baseline -0.002 -21"><span class='ocrx_word' id='word_1_30' title='bbox 476 1068 548 1147; x_wconf 87' lang='lat' dir='ltr'><strong>ruit</strong></span> <span class='ocrx_word' id='word_1_31' title='bbox 574 1065 686 1147; x_wconf 69' lang='lat' dir='ltr'><strong>sancia</strong></span> <span class='ocrx_word' id='word_1_32' title='bbox 712 1067 834 1145; x_wconf 89' lang='lat' dir='ltr'><strong>mulier</strong></span> <span class='ocrx_word' id='word_1_33' title='bbox 858 1089 878 1139; x_wconf 94' lang='lat' dir='ltr'><strong>a</strong></span> <span class='ocrx_word' id='word_1_34' title='bbox 902 1063 1029 1162; x_wconf 86' lang='lat' dir='ltr'><strong>nuptiis</strong></span> <span class='ocrx_word' id='word_1_35' title='bbox 1054 1062 1274 1146; x_wconf 87' lang='lat' dir='ltr'><strong>surculi&#39;tam</strong></span> <span class='ocrx_word' id='word_1_36' title='bbox 1304 1088 1371 1139; x_wconf 88' lang='lat' dir='ltr'><strong>ma·</strong></span> 
     </span>
     <span class='ocr_line' id='line_1_7' title="bbox 475 1162 1373 1265; baseline -0.006 -17"><span class='ocrx_word' id='word_1_37' title='bbox 475 1162 536 1261; x_wconf 86' lang='lat' dir='ltr'><strong>li&#39;,</strong></span> <span class='ocrx_word' id='word_1_38' title='bbox 573 1172 671 1246; x_wconf 86' lang='lat' dir='ltr'><strong>cuius</strong></span> <span class='ocrx_word' id='word_1_39' title='bbox 703 1184 803 1265; x_wconf 82' lang='lat' dir='ltr'><strong>pater</strong></span> <span class='ocrx_word' id='word_1_40' title='bbox 836 1190 907 1262; x_wconf 83' lang='lat' dir='ltr'><strong>non</strong></span> <span class='ocrx_word' id='word_1_41' title='bbox 942 1181 1071 1242; x_wconf 89' lang='lat' dir='ltr'><strong>tantum</strong></span> <span class='ocrx_word' id='word_1_42' title='bbox 1105 1167 1272 1261; x_wconf 86' lang='lat' dir='ltr'><strong>ltaliam,</strong></span> <span class='ocrx_word' id='word_1_43' title='bbox 1313 1166 1373 1244; x_wconf 92' lang='lat' dir='ltr'><strong>sed</strong></span> 
     </span>
     <span class='ocr_line' id='line_1_8' title="bbox 480 1266 1406 1365; baseline -0.008 -14"><span class='ocrx_word' id='word_1_44' title='bbox 480 1274 586 1353; x_wconf 85' lang='lat' dir='ltr'><strong>etiam</strong></span> <span class='ocrx_word' id='word_1_45' title='bbox 615 1266 802 1349; x_wconf 78' lang='lat' dir='ltr'><strong>ecclesiam</strong></span> <span class='ocrx_word' id='word_1_46' title='bbox 836 1270 1025 1365; x_wconf 75' lang='lat' dir='ltr'><strong>tyrannice</strong></span> <span class='ocrx_word' id='word_1_47' title='bbox 1067 1268 1241 1350; x_wconf 81' lang='lat' dir='ltr'><strong>vexabat.</strong></span> <span class='ocrx_word' id='word_1_48' title='bbox 1306 1272 1370 1347; x_wconf 77' lang='lat' dir='ltr'><strong>lie·</strong></span> <span class='ocrx_word' id='word_1_49' title='bbox 1405 1284 1406 1344; x_wconf 74' lang='grc'><strong>1</strong></span> 
     </span>
    </p>

    <p class='ocr_par' dir='ltr' id='par_1_3' title="bbox 408 1372 1407 2492">
     <span class='ocr_line' id='line_1_9' title="bbox 408 1372 1375 1478; baseline -0.006 -23"><span class='ocrx_word' id='word_1_50' title='bbox 408 1388 412 1395; x_wconf 88' lang='grc'><em>“</em></span> <span class='ocrx_word' id='word_1_51' title='bbox 479 1378 673 1471; x_wconf 79' lang='lat' dir='ltr'>rengarius,</span> <span class='ocrx_word' id='word_1_52' title='bbox 707 1375 842 1478; x_wconf 88' lang='lat' dir='ltr'><strong>repulsa</strong></span> <span class='ocrx_word' id='word_1_53' title='bbox 867 1376 934 1449; x_wconf 89' lang='lat' dir='ltr'><strong>hac</strong></span> <span class='ocrx_word' id='word_1_54' title='bbox 969 1372 1140 1463; x_wconf 82' lang='lat' dir='ltr'><strong>irritatus,</strong></span> <span class='ocrx_word' id='word_1_55' title='bbox 1192 1396 1375 1473; x_wconf 81' lang='lat' dir='ltr'><strong>expugna·</strong></span> 
     </span>
     <span class='ocr_line' id='line_1_10' title="bbox 479 1476 1406 1581; baseline -0.002 -26"><span class='ocrx_word' id='word_1_56' title='bbox 479 1492 517 1555; x_wconf 89' lang='lat' dir='ltr'><strong>ta</strong></span> <span class='ocrx_word' id='word_1_57' title='bbox 544 1478 679 1581; x_wconf 87' lang='lat' dir='ltr'><strong>Papia,</strong></span> <span class='ocrx_word' id='word_1_58' title='bbox 722 1480 873 1576; x_wconf 82' lang='lat' dir='ltr'>reginam</span> <span class='ocrx_word' id='word_1_59' title='bbox 900 1476 1066 1567; x_wconf 68' lang='lat' dir='ltr'><strong>diligenti</strong></span> <span class='ocrx_word' id='word_1_60' title='bbox 1093 1478 1273 1557; x_wconf 87' lang='lat' dir='ltr'><strong>custodiae</strong></span> <span class='ocrx_word' id='word_1_61' title='bbox 1307 1492 1374 1573; x_wconf 83' lang='lat' dir='ltr'><strong>tra·</strong></span> <span class='ocrx_word' id='word_1_62' title='bbox 1405 1517 1406 1570; x_wconf 74' lang='lat'>3</span> 
     </span>
     <span class='ocr_line' id='line_1_11' title="bbox 481 1580 1376 1677; baseline -0.01 -16"><span class='ocrx_word' id='word_1_63' title='bbox 481 1580 601 1675; x_wconf 81' lang='lat' dir='ltr'>didit,</span> <span class='ocrx_word' id='word_1_64' title='bbox 646 1581 811 1674; x_wconf 80' lang='lat' dir='ltr'><strong>veritus,</strong></span> <span class='ocrx_word' id='word_1_65' title='bbox 849 1606 896 1661; x_wconf 90' lang='lat' dir='ltr'><strong>ne</strong></span> <span class='ocrx_word' id='word_1_66' title='bbox 935 1600 998 1677; x_wconf 88' lang='lat' dir='ltr'><strong>per</strong></span> <span class='ocrx_word' id='word_1_67' title='bbox 1036 1596 1200 1659; x_wconf 77' lang='lat' dir='ltr'><strong>externas</strong></span> <span class='ocrx_word' id='word_1_68' title='bbox 1241 1580 1376 1677; x_wconf 78' lang='lat' dir='ltr'>nuptias</span> 
     </span>
     <span class='ocr_line' id='line_1_12' title="bbox 480 1676 1375 1784; baseline -0.006 -19"><span class='ocrx_word' id='word_1_69' title='bbox 480 1684 607 1765; x_wconf 89' lang='lat' dir='ltr'><strong>ltaliae</strong></span> <span class='ocrx_word' id='word_1_70' title='bbox 651 1706 793 1776; x_wconf 72' lang='lat' dir='ltr'><strong>regnum</strong></span> <span class='ocrx_word' id='word_1_71' title='bbox 823 1682 860 1759; x_wconf 92' lang='lat' dir='ltr'><strong>in</strong></span> <span class='ocrx_word' id='word_1_72' title='bbox 885 1682 995 1775; x_wconf 46' lang='lat' dir='ltr'><strong>‚alium</strong></span> <span class='ocrx_word' id='word_1_73' title='bbox 1029 1682 1179 1784; x_wconf 82' lang='lat' dir='ltr'><strong>aliquem</strong></span> <span class='ocrx_word' id='word_1_74' title='bbox 1213 1676 1375 1760; x_wconf 50' lang='lat' dir='ltr'><strong>transiere</strong></span> 
     </span>
     <span class='ocr_line' id='line_1_13' title="bbox 481 1784 1407 1887; baseline -0.002 -24"><span class='ocrx_word' id='word_1_75' title='bbox 481 1800 552 1865; x_wconf 88' lang='lat' dir='ltr'><strong>ret.</strong></span> <span class='ocrx_word' id='word_1_76' title='bbox 610 1786 779 1867; x_wconf 80' lang='lat' dir='ltr'><strong>Adelhais</strong></span> <span class='ocrx_word' id='word_1_77' title='bbox 828 1809 920 1861; x_wconf 87' lang='lat' dir='ltr'><strong>anno</strong></span> <span class='ocrx_word' id='word_1_78' title='bbox 957 1784 1145 1887; x_wconf 85' lang='lat' dir='ltr'><strong>sequente,</strong></span> <span class='ocrx_word' id='word_1_79' title='bbox 1190 1789 1247 1865; x_wconf 86' lang='lat' dir='ltr'><strong>seu</strong></span> <span class='ocrx_word' id='word_1_80' title='bbox 1285 1804 1407 1886; x_wconf 58' lang='lat' dir='ltr'><strong>psol</strong></span> 
     </span>
     <span class='ocr_line' id='line_1_14' title="bbox 483 1881 1377 1992; baseline 0.001 -28"><span class='ocrx_word' id='word_1_81' title='bbox 483 1888 652 1968; x_wconf 74' lang='lat' dir='ltr'><strong>custodiis</strong></span> <span class='ocrx_word' id='word_1_82' title='bbox 671 1884 797 1978; x_wconf 84' lang='lat' dir='ltr'><strong>elusis,</strong></span> <span class='ocrx_word' id='word_1_83' title='bbox 824 1881 1005 1968; x_wconf 75' lang='lat' dir='ltr'><strong>Canusium</strong></span> <span class='ocrx_word' id='word_1_84' title='bbox 1033 1888 1170 1987; x_wconf 84' lang='lat' dir='ltr'><strong>elapsa,</strong></span> <span class='ocrx_word' id='word_1_85' title='bbox 1196 1888 1377 1992; x_wconf 79' lang='lat' dir='ltr'><strong>statimque</strong></span> 
     </span>
     <span class='ocr_line' id='line_1_15' title="bbox 484 1986 1376 2091; baseline -0.001 -24"><span class='ocrx_word' id='word_1_86' title='bbox 484 2013 550 2091; x_wconf 89' lang='lat' dir='ltr'><strong>per</strong></span> <span class='ocrx_word' id='word_1_87' title='bbox 577 1992 816 2089; x_wconf 73' lang='lat' dir='ltr'><strong>berengarium</strong></span> <span class='ocrx_word' id='word_1_88' title='bbox 844 1986 992 2073; x_wconf 85' lang='lat' dir='ltr'><strong>obsessa,</strong></span> <span class='ocrx_word' id='word_1_89' title='bbox 1020 2014 1084 2091; x_wconf 94' lang='lat' dir='ltr'><strong>per</strong></span> <span class='ocrx_word' id='word_1_90' title='bbox 1110 1993 1243 2072; x_wconf 83' lang='lat' dir='ltr'><strong>litteras</strong></span> <span class='ocrx_word' id='word_1_91' title='bbox 1270 1996 1376 2069; x_wconf 88' lang='lat' dir='ltr'><strong>Otto·</strong></span> 
     </span>
     <span class='ocr_line' id='line_1_16' title="bbox 484 2094 1377 2199; baseline 0.001 -28"><span class='ocrx_word' id='word_1_92' title='bbox 484 2095 628 2173; x_wconf 82' lang='lat' dir='ltr'><strong>nemin</strong></span> <span class='ocrx_word' id='word_1_93' title='bbox 659 2094 847 2187; x_wconf 82' lang='lat' dir='ltr'><strong>auxilium</strong></span> <span class='ocrx_word' id='word_1_94' title='bbox 869 2094 1070 2182; x_wconf 73' lang='lat' dir='ltr'><strong>euocauita·</strong></span> <span class='ocrx_word' id='word_1_95' title='bbox 1093 2096 1178 2199; x_wconf 49' lang='lat' dir='ltr'><strong>quin,</strong></span> <span class='ocrx_word' id='word_1_96' title='bbox 1214 2096 1274 2194; x_wconf 92' lang='lat' dir='ltr'><strong>spe</strong></span> <span class='ocrx_word' id='word_1_97' title='bbox 1309 2118 1377 2172; x_wconf 84' lang='lat' dir='ltr'><strong>ma-</strong></span> 
     </span>
     <span class='ocr_line' id='line_1_17' title="bbox 485 2191 1379 2298; baseline -0.001 -25"><span class='ocrx_word' id='word_1_98' title='bbox 485 2198 658 2291; x_wconf 85' lang='lat' dir='ltr'><strong>trimonii¹</strong></span> <span class='ocrx_word' id='word_1_99' title='bbox 684 2198 851 2298; x_wconf 80' lang='lat' dir='ltr'><strong>regnique</strong></span> <span class='ocrx_word' id='word_1_100' title='bbox 903 2191 1179 2294; x_wconf 85' lang='lat' dir='ltr'><strong>Longubardiae</strong></span> <span class='ocrx_word' id='word_1_101' title='bbox 1224 2198 1379 2289; x_wconf 77' lang='lat' dir='ltr'><strong>anons,</strong></span> 
     </span>
     <span class='ocr_line' id='line_1_18' title="bbox 487 2298 1380 2402; baseline 0.002 -25"><span class='ocrx_word' id='word_1_102' title='bbox 487 2298 758 2399; x_wconf 82' lang='lat' dir='ltr'><strong>expeditionem</strong></span> <span class='ocrx_word' id='word_1_103' title='bbox 792 2304 828 2378; x_wconf 92' lang='lat' dir='ltr'><strong>in</strong></span> <span class='ocrx_word' id='word_1_104' title='bbox 863 2298 997 2378; x_wconf 88' lang='lat' dir='ltr'><strong>ltaliam</strong></span> <span class='ocrx_word' id='word_1_105' title='bbox 1039 2300 1209 2402; x_wconf 77' lang='lat' dir='ltr'><strong>suscipere</strong></span> <span class='ocrx_word' id='word_1_106' title='bbox 1251 2301 1380 2379; x_wconf 83' lang='lat' dir='ltr'><strong>consii-</strong></span> 
     </span>
     <span class='ocr_line' id='line_1_19' title="bbox 482 2398 1380 2492; baseline -0.001 -11"><span class='ocrx_word' id='word_1_107' title='bbox 482 2403 567 2492; x_wconf 82' lang='lat' dir='ltr'><strong>tuit.</strong></span> <span class='ocrx_word' id='word_1_108' title='bbox 635 2398 833 2490; x_wconf 80' lang='lat' dir='ltr'><strong>Ludolfus,</strong></span> <span class='ocrx_word' id='word_1_109' title='bbox 869 2403 1016 2482; x_wconf 82' lang='lat' dir='ltr'><strong>Sueuiae</strong></span> <span class='ocrx_word' id='word_1_110' title='bbox 1057 2402 1156 2490; x_wconf 80' lang='lat' dir='ltr'><strong>dux.</strong></span> <span class='ocrx_word' id='word_1_111' title='bbox 1198 2429 1277 2484; x_wconf 87' lang='lat' dir='ltr'><strong>cum</strong></span> <span class='ocrx_word' id='word_1_112' title='bbox 1315 2404 1380 2480; x_wconf 80' lang='lat' dir='ltr'><strong>suia</strong></span> 
     </span>
    </p>

    <p class='ocr_par' dir='ltr' id='par_1_4' title="bbox 432 2503 1409 3222">
     <span class='ocr_line' id='line_1_20' title="bbox 432 2503 1380 2608; baseline 0 -26"><span class='ocrx_word' id='word_1_113' title='bbox 432 2503 436 2510; x_wconf 72' lang='grc'><strong><em>’</em></strong></span> <span class='ocrx_word' id='word_1_114' title='bbox 487 2505 690 2582; x_wconf 78' lang='lat' dir='ltr'><strong>Alemannis</strong></span> <span class='ocrx_word' id='word_1_115' title='bbox 737 2511 903 2584; x_wconf 87' lang='lat' dir='ltr'><strong>Ottonem</strong></span> <span class='ocrx_word' id='word_1_116' title='bbox 951 2522 1083 2606; x_wconf 88' lang='lat' dir='ltr'><strong>patrem</strong></span> <span class='ocrx_word' id='word_1_117' title='bbox 1119 2509 1380 2608; x_wconf 76' lang='lat' dir='ltr'><strong>praecesserat,</strong></span> 
     </span>
     <span class='ocr_line' id='line_1_21' title="bbox 489 2603 1409 2792; baseline 0.004 -110"><span class='ocrx_word' id='word_1_118' title='bbox 489 2609 563 2682; x_wconf 85' lang='lat' dir='ltr'><strong>eius</strong></span> <span class='ocrx_word' id='word_1_119' title='bbox 600 2609 742 2704; x_wconf 80' lang='lat' dir='ltr'><strong>gratiam</strong></span> <span class='ocrx_word' id='word_1_120' title='bbox 786 2621 1045 2706; x_wconf 77' lang='lat' dir='ltr'><strong>aucupaturos,</strong></span> <span class='ocrx_word' id='word_1_121' title='bbox 1091 2605 1206 2714; x_wconf 76' lang='lat' dir='ltr'><strong>siquid</strong></span> <span class='ocrx_word' id='word_1_122' title='bbox 1229 2603 1409 2792; x_wconf 62' lang='lat' dir='ltr'><strong>‘tortiterp</strong></span> 
     </span>
     <span class='ocr_line' id='line_1_22' title="bbox 487 2711 1379 2812; baseline 0.008 -29"><span class='ocrx_word' id='word_1_123' title='bbox 487 2722 609 2802; x_wconf 82' lang='lat' dir='ltr'><strong>ageret</strong></span> <span class='ocrx_word' id='word_1_124' title='bbox 645 2711 747 2812; x_wconf 82' lang='lat' dir='ltr'><strong>eique</strong></span> <span class='ocrx_word' id='word_1_125' title='bbox 776 2713 871 2786; x_wconf 88' lang='lat' dir='ltr'><strong>viam</strong></span> <span class='ocrx_word' id='word_1_126' title='bbox 910 2713 1175 2809; x_wconf 87' lang='lat' dir='ltr'><strong>expeditiorem</strong></span> <span class='ocrx_word' id='word_1_127' title='bbox 1200 2715 1379 2792; x_wconf 84' lang='lat' dir='ltr'><strong>redderet.</strong></span> 
     </span>
     <span class='ocr_line' id='line_1_23' title="bbox 490 2797 1409 2908; baseline 0.004 -20"><span class='ocrx_word' id='word_1_128' title='bbox 490 2809 563 2888; x_wconf 89' lang='lat' dir='ltr'><strong>Sed</strong></span> <span class='ocrx_word' id='word_1_129' title='bbox 606 2825 742 2908; x_wconf 84' lang='lat' dir='ltr'><strong>patruus</strong></span> <span class='ocrx_word' id='word_1_130' title='bbox 785 2814 905 2895; x_wconf 82' lang='lat' dir='ltr'><strong>iltius,</strong></span> <span class='ocrx_word' id='word_1_131' title='bbox 958 2818 1161 2907; x_wconf 74' lang='lat' dir='ltr'><strong>Henncus,</strong></span> <span class='ocrx_word' id='word_1_132' title='bbox 1216 2797 1409 2896; x_wconf 73' lang='lat' dir='ltr'><strong>Bauariaei</strong></span> 
     </span>
     <span class='ocr_line' id='line_1_24' title="bbox 490 2911 1409 2998; baseline 0.007 -11"><span class='ocrx_word' id='word_1_133' title='bbox 490 2911 585 2994; x_wconf 84' lang='lat' dir='ltr'><strong>dux.</strong></span> <span class='ocrx_word' id='word_1_134' title='bbox 622 2913 768 2996; x_wconf 86' lang='lat' dir='ltr'><strong>Ludolli</strong></span> <span class='ocrx_word' id='word_1_135' title='bbox 794 2919 1032 2996; x_wconf 82' lang='lat' dir='ltr'><strong>bonorumet</strong></span> <span class='ocrx_word' id='word_1_136' title='bbox 1058 2917 1270 2998; x_wconf 84' lang='lat' dir='ltr'><strong>successuum</strong></span> <span class='ocrx_word' id='word_1_137' title='bbox 1297 2917 1381 2994; x_wconf 83' lang='lat' dir='ltr'><strong>inui-</strong></span> <span class='ocrx_word' id='word_1_138' title='bbox 1407 2921 1409 2956; x_wconf 86' lang='lat'>³</span> 
     </span>
     <span class='ocr_line' id='line_1_25' title="bbox 489 3017 1379 3116; baseline 0.009 -26"><span class='ocrx_word' id='word_1_139' title='bbox 489 3017 579 3107; x_wconf 86' lang='lat' dir='ltr'><strong>dus,</strong></span> <span class='ocrx_word' id='word_1_140' title='bbox 633 3040 695 3114; x_wconf 89' lang='lat' dir='ltr'><strong>per</strong></span> <span class='ocrx_word' id='word_1_141' title='bbox 731 3017 939 3097; x_wconf 87' lang='lat' dir='ltr'><strong>Tridentum</strong></span> <span class='ocrx_word' id='word_1_142' title='bbox 972 3023 1109 3116; x_wconf 77' lang='lat' dir='ltr'><strong>legatos</strong></span> <span class='ocrx_word' id='word_1_143' title='bbox 1147 3025 1225 3101; x_wconf 85' lang='lat' dir='ltr'><strong>suos</strong></span> <span class='ocrx_word' id='word_1_144' title='bbox 1250 3023 1286 3100; x_wconf 90' lang='lat' dir='ltr'><strong>in</strong></span> <span class='ocrx_word' id='word_1_145' title='bbox 1316 3028 1379 3100; x_wconf 87' lang='lat' dir='ltr'><strong>lta·</strong></span> 
     </span>
     <span class='ocr_line' id='line_1_26' title="bbox 490 3117 1380 3222; baseline 0.006 -28"><span class='ocrx_word' id='word_1_146' title='bbox 490 3117 572 3194; x_wconf 93' lang='lat' dir='ltr'><strong>liam</strong></span> <span class='ocrx_word' id='word_1_147' title='bbox 602 3141 654 3196; x_wconf 80' lang='lat' dir='ltr'><strong>ex</strong></span> <span class='ocrx_word' id='word_1_148' title='bbox 686 3121 827 3199; x_wconf 89' lang='lat' dir='ltr'><strong>Bauaria</strong></span> <span class='ocrx_word' id='word_1_149' title='bbox 866 3121 1044 3222; x_wconf 88' lang='lat' dir='ltr'><strong>praemifit</strong></span> <span class='ocrx_word' id='word_1_150' title='bbox 1080 3139 1117 3202; x_wconf 89' lang='lat' dir='ltr'><strong>et</strong></span> <span class='ocrx_word' id='word_1_151' title='bbox 1143 3125 1185 3202; x_wconf 85' lang='lat' dir='ltr'><strong>ab</strong></span> <span class='ocrx_word' id='word_1_152' title='bbox 1213 3151 1261 3202; x_wconf 92' lang='lat' dir='ltr'><strong>eo</strong></span> <span class='ocrx_word' id='word_1_153' title='bbox 1288 3151 1380 3202; x_wconf 82' lang='lat' dir='ltr'><strong>men·</strong></span> 
     </span>
    </p>

    <p class='ocr_par' dir='ltr' id='par_1_5' title="bbox 386 3218 1382 3948">
     <span class='ocr_line' id='line_1_27' title="bbox 386 3218 1378 3326; baseline 0.002 -26"><span class='ocrx_word' id='word_1_154' title='bbox 386 3231 389 3238; x_wconf 73' lang='grc'>“</span> <span class='ocrx_word' id='word_1_155' title='bbox 490 3235 544 3326; x_wconf 84' lang='lat' dir='ltr'><strong>tes</strong></span> <span class='ocrx_word' id='word_1_156' title='bbox 575 3222 725 3302; x_wconf 89' lang='lat' dir='ltr'><strong>omnium</strong></span> <span class='ocrx_word' id='word_1_157' title='bbox 762 3218 814 3302; x_wconf 87' lang='lat' dir='ltr'><strong>fic</strong></span> <span class='ocrx_word' id='word_1_158' title='bbox 842 3228 992 3322; x_wconf 83' lang='lat' dir='ltr'><strong>auertit,</strong></span> <span class='ocrx_word' id='word_1_159' title='bbox 1027 3244 1072 3306; x_wconf 90' lang='lat' dir='ltr'><strong>vt</strong></span> <span class='ocrx_word' id='word_1_160' title='bbox 1103 3233 1196 3308; x_wconf 89' lang='lat' dir='ltr'><strong>nulla</strong></span> <span class='ocrx_word' id='word_1_161' title='bbox 1230 3229 1378 3318; x_wconf 84' lang='lat' dir='ltr'><strong>ciuitas,</strong></span> 
     </span>
     <span class='ocr_line' id='line_1_28' title="bbox 491 3322 1380 3432; baseline 0.007 -33"><span class='ocrx_word' id='word_1_162' title='bbox 491 3349 579 3428; x_wconf 90' lang='lat' dir='ltr'><strong>quae</strong></span> <span class='ocrx_word' id='word_1_163' title='bbox 607 3329 670 3402; x_wconf 91' lang='lat' dir='ltr'><strong>vel</strong></span> <span class='ocrx_word' id='word_1_164' title='bbox 712 3322 849 3407; x_wconf 79' lang='lat' dir='ltr'><strong>famulis</strong></span> <span class='ocrx_word' id='word_1_165' title='bbox 887 3333 1030 3408; x_wconf 84' lang='lat' dir='ltr'><strong>Ottonis</strong></span> <span class='ocrx_word' id='word_1_166' title='bbox 1060 3347 1180 3432; x_wconf 86' lang='lat' dir='ltr'><strong>patere</strong></span> <span class='ocrx_word' id='word_1_167' title='bbox 1221 3329 1380 3419; x_wconf 87' lang='lat' dir='ltr'><strong>solebat,</strong></span> 
     </span>
     <span class='ocr_line' id='line_1_29' title="bbox 491 3427 1382 3531; baseline 0 -25"><span class='ocrx_word' id='word_1_168' title='bbox 491 3428 564 3506; x_wconf 79' lang='lat' dir='ltr'><strong>eius</strong></span> <span class='ocrx_word' id='word_1_169' title='bbox 599 3427 677 3504; x_wconf 87' lang='lat' dir='ltr'><strong>silio</strong></span> <span class='ocrx_word' id='word_1_170' title='bbox 711 3449 830 3530; x_wconf 81' lang='lat' dir='ltr'><strong>portas</strong></span> <span class='ocrx_word' id='word_1_171' title='bbox 881 3437 1069 3531; x_wconf 90' lang='lat' dir='ltr'><strong>aperuerit.</strong></span> <span class='ocrx_word' id='word_1_172' title='bbox 1135 3439 1273 3512; x_wconf 80' lang='lat' dir='ltr'><strong>Interea</strong></span> <span class='ocrx_word' id='word_1_173' title='bbox 1308 3457 1382 3508; x_wconf 90' lang='lat' dir='ltr'><strong>cum</strong></span> 
     </span>
     <span class='ocr_line' id='line_1_30' title="bbox 490 3529 1381 3628; baseline 0.007 -22"><span class='ocrx_word' id='word_1_174' title='bbox 490 3531 607 3628; x_wconf 84' lang='lat' dir='ltr'><strong>copiis</strong></span> <span class='ocrx_word' id='word_1_175' title='bbox 633 3529 698 3608; x_wconf 87' lang='lat' dir='ltr'><strong>suis</strong></span> <span class='ocrx_word' id='word_1_176' title='bbox 725 3537 814 3610; x_wconf 80' lang='lat' dir='ltr'><strong>Otto</strong></span> <span class='ocrx_word' id='word_1_177' title='bbox 842 3557 913 3614; x_wconf 82' lang='lat' dir='ltr'><strong>rear</strong></span> <span class='ocrx_word' id='word_1_178' title='bbox 951 3541 1166 3628; x_wconf 87' lang='lat' dir='ltr'><strong>aduenerat,</strong></span> <span class='ocrx_word' id='word_1_179' title='bbox 1201 3557 1245 3612; x_wconf 89' lang='lat' dir='ltr'><strong>ac</strong></span> <span class='ocrx_word' id='word_1_180' title='bbox 1276 3537 1381 3614; x_wconf 83' lang='lat' dir='ltr'><strong>Adel·</strong></span> 
     </span>
     <span class='ocr_line' id='line_1_31' title="bbox 488 3628 1380 3730; baseline 0.003 -20"><span class='ocrx_word' id='word_1_181' title='bbox 488 3633 648 3716; x_wconf 85' lang='lat' dir='ltr'><strong>haidem.</strong></span> <span class='ocrx_word' id='word_1_182' title='bbox 677 3628 867 3714; x_wconf 79' lang='lat' dir='ltr'><strong>obsidione</strong></span> <span class='ocrx_word' id='word_1_183' title='bbox 888 3640 1044 3718; x_wconf 83' lang='lat' dir='ltr'><strong>trimestri</strong></span> <span class='ocrx_word' id='word_1_184' title='bbox 1069 3637 1271 3730; x_wconf 75' lang='lat' dir='ltr'><strong>liberatam,</strong></span> <span class='ocrx_word' id='word_1_185' title='bbox 1299 3662 1380 3716; x_wconf 91' lang='lat' dir='ltr'><strong>con·</strong></span> 
     </span>
     <span class='ocr_line' id='line_1_32' title="bbox 489 3731 1381 3839; baseline 0 -29"><span class='ocrx_word' id='word_1_186' title='bbox 489 3733 592 3834; x_wconf 77' lang='lat' dir='ltr'><strong>iugio</strong></span> <span class='ocrx_word' id='word_1_187' title='bbox 623 3731 685 3814; x_wconf 88' lang='lat' dir='ltr'><strong>fibi</strong></span> <span class='ocrx_word' id='word_1_188' title='bbox 715 3741 908 3839; x_wconf 84' lang='lat' dir='ltr'><strong>copulauit.</strong></span> <span class='ocrx_word' id='word_1_189' title='bbox 966 3738 1160 3834; x_wconf 79' lang='lat' dir='ltr'><strong>ludolfus,</strong></span> <span class='ocrx_word' id='word_1_190' title='bbox 1189 3745 1381 3823; x_wconf 84' lang='lat' dir='ltr'><strong>vehemen-</strong></span> 
     </span>
     <span class='ocr_line' id='line_1_33' title="bbox 492 3840 1380 3948; baseline 0.003 -35"><span class='ocrx_word' id='word_1_191' title='bbox 492 3848 546 3913; x_wconf 89' lang='lat' dir='ltr'><strong>ter</strong></span> <span class='ocrx_word' id='word_1_192' title='bbox 571 3840 790 3940; x_wconf 82' lang='lat' dir='ltr'><strong>indignatus,</strong></span> <span class='ocrx_word' id='word_1_193' title='bbox 819 3858 855 3919; x_wconf 89' lang='lat' dir='ltr'><strong>et</strong></span> <span class='ocrx_word' id='word_1_194' title='bbox 872 3858 1018 3946; x_wconf 86' lang='lat' dir='ltr'><strong>patruo,</strong></span> <span class='ocrx_word' id='word_1_195' title='bbox 1045 3846 1146 3948; x_wconf 86' lang='lat' dir='ltr'><strong>quod</strong></span> <span class='ocrx_word' id='word_1_196' title='bbox 1169 3841 1213 3921; x_wconf 89' lang='lat' dir='ltr'><strong>ab</strong></span> <span class='ocrx_word' id='word_1_197' title='bbox 1238 3870 1286 3923; x_wconf 91' lang='lat' dir='ltr'><strong>eo</strong></span> <span class='ocrx_word' id='word_1_198' title='bbox 1308 3847 1380 3922; x_wconf 74' lang='lat' dir='ltr'><strong>suos</strong></span> 
     </span>
    </p>

    <p class='ocr_par' dir='ltr' id='par_1_6' title="bbox 366 3945 1378 4046">
     <span class='ocr_line' id='line_1_34' title="bbox 366 3945 1378 4046; baseline 0.004 -29"><span class='ocrx_word' id='word_1_199' title='bbox 366 4015 369 4024; x_wconf 91' lang='grc'>,</span> <span class='ocrx_word' id='word_1_200' title='bbox 491 3955 638 4018; x_wconf 84' lang='lat' dir='ltr'><strong>conatus</strong></span> <span class='ocrx_word' id='word_1_201' title='bbox 664 3945 857 4046; x_wconf 81' lang='lat' dir='ltr'><strong>impeditos</strong></span> <span class='ocrx_word' id='word_1_202' title='bbox 897 3948 1139 4041; x_wconf 77' lang='lat' dir='ltr'><strong>intellexerit3</strong></span> <span class='ocrx_word' id='word_1_203' title='bbox 1190 3965 1227 4026; x_wconf 82' lang='lat' dir='ltr'><strong>et</strong></span> <span class='ocrx_word' id='word_1_204' title='bbox 1266 3949 1378 4039; x_wconf 79' lang='lat' dir='ltr'><strong>pani,</strong></span> 
     </span>
    </p>

    <p class='ocr_par' dir='ltr' id='par_1_7' title="bbox 462 4045 1379 4234">
     <span class='ocr_line' id='line_1_35' title="bbox 462 4045 1379 4153; baseline -0.002 -29"><span class='ocrx_word' id='word_1_205' title='bbox 462 4045 608 4153; x_wconf 67' lang='lat' dir='ltr'><strong>equod,</strong></span> <span class='ocrx_word' id='word_1_206' title='bbox 658 4070 721 4152; x_wconf 89' lang='lat' dir='ltr'><strong>per</strong></span> <span class='ocrx_word' id='word_1_207' title='bbox 757 4049 970 4130; x_wconf 84' lang='lat' dir='ltr'><strong>nasciturum</strong></span> <span class='ocrx_word' id='word_1_208' title='bbox 1008 4051 1223 4138; x_wconf 81' lang='lat' dir='ltr'><strong>esecundis</strong></span> <span class='ocrx_word' id='word_1_209' title='bbox 1256 4048 1379 4149; x_wconf 82' lang='lat' dir='ltr'><strong>nuptiis</strong></span> 
     </span>
     <span class='ocr_line' id='line_1_36' title="bbox 540 4155 1321 4234; baseline 0.003 -25"><span class='ocrx_word' id='word_1_210' title='bbox 540 4200 545 4209; x_wconf 94' lang='lat'><em>.</em></span> <span class='ocrx_word' id='word_1_211' title='bbox 1263 4155 1321 4234; x_wconf 71' lang='lat' dir='ltr'><strong>he·</strong></span> 
     </span>
    </p>
   </div>
   <div class='ocr_carea' id='block_1_3' title="bbox 0 0 1531 4825">
    <p class='ocr_par' dir='ltr' id='par_1_8' title="bbox 0 0 1531 4825">
     <span class='ocr_line' id='line_1_37' title="bbox 0 0 1531 4825; baseline 0 0"><span class='ocrx_word' id='word_1_212' title='bbox 0 0 1531 4825; x_wconf 95' lang='lat' dir='ltr'><strong> </strong></span> 
     </span>
    </p>
   </div>
  </div>
 </body>
</html>
